4792 6120
1496 455 1538 522 VI

1198 653 1331 708 Femellas
1349 667 1457 718 omnes,
1483 653 1585 717 amice,
1610 651 1715 722 prendi,

1199 739 1271 805 Quas
1289 740 1366 793 vultu
1384 739 1441 793 vidi
1459 744 1552 794 tamen
1570 756 1690 802 serenam

1204 825 1344 881 »Puellae«
1365 825 1403 879 sic
1421 825 1478 896 ipse
1496 825 1665 897 flagitabam.

1131 913 1164 968 10
1199 912 1368 968 »Camertum
1388 912 1470 977 mihi,
1496 911 1628 983 pessimae
1645 911 1777 982 puellae«

1197 998 1337 1065 Quaedam
1355 998 1460 1067 inquit:
1485 999 1603 1053 ’nudum
1624 998 1706 1053 reduc
1724 998 1762 1068 [et
1779 996 1876 1067 auser]‚

1199 1086 1269 1140 Hem
1286 1114 1321 1125 —
1338 1085 1386 1140 hic
1398 1086 1415 1154 ¹)
1435 1085 1464 1139 in
1483 1086 1565 1140 roseis
1583 1085 1653 1139 latet
1670 1084 1805 1155 papillis«

1198 1220 1250 1275 Sed
1268 1223 1296 1275 te
1314 1219 1370 1274 iam
1388 1220 1460 1275 ferre
1480 1219 1605 1276 Herculei
1624 1219 1700 1274 labos
1718 1223 1772 1285 est;

1197 1306 1288 1361 Tanto
1307 1309 1336 1360 te
1352 1305 1382 1359 in
1400 1306 1434 1375 (n
1453 1305 1526 1361 tastu
1543 1323 1641 1376 negas.
1666 1305 1761 1362 amice.

1132 1393 1164 1446 15
1200 1391 1250 1446 Dic
1268 1392 1362 1455 nobis,
1388 1391 1435 1446 ubi
1452 1391 1487 1445 sia
1506 1392 1625 1455 iuturus,
1651 1392 1700 1447 ede

1199 1478 1347 1541 Audacter,
1371 1478 1528 1542 committe,
1553 1478 1632 1534 crede
1650 1478 1731 1533 lucei:

1200 1564 1261 1618 »Me
1278 1568 1377 1619 unctae
1395 1564 1526 1620 lacteolae
1543 1569 1639 1620 tenent
1656 1565 1786 1635 puellae«

1198 1699 1243 1755 Sic
1260 1699 1384 1771 linguam
1403 1701 1493 1756 clamo
1512 1705 1607 1756 tenena
1624 1700 1653 1754 in
1673 1717 1719 1756 ore

1201 1787 1316 1841 Fructus
1333 1786 1448 1856 proicies
1465 1786 1565 1841 amoris
1585 1803 1685 1841 omnes.

1130 1873 1164 1928 20
1199 1873 1322 1928 Verbosa
1338 1873 1441 1943 gaudet
1460 1872 1549 1928 Venus
1567 1873 1694 1943 loquella

1201 1960 1265 2023 Vel,
1284 1958 1308 2014 si
1324 1959 1377 2023 vis,
1395 1959 1459 2014 licet
1477 1959 1584 2014 obseres
1601 1960 1735 2031 palatum,

1201 2046 1273 2101 Dum
1291 2046 1375 2101 vestri
1392 2045 1443 2100 sim
1463 2045 1602 2118 particeps
1619 2045 1726 2100 amoris.

797 2165 957 2249 Strophae
980 2166 1132 2230 adornari
1152 2169 1288 2248 possunt
1309 2169 1477 2248 quattuor,
1508 2166 1592 2231 duae
1614 2165 1836 2244 liexastichae,
1870 2165 2003 2230 totidem
2024 2169 2254 2250 pentastichae.
2296 2172 2344 2237 De

696 2275 839 2342 distichis
857 2279 942 2339 certe
962 2293 1044 2357 quas
1065 2274 1139 2337 olim
1162 2273 1309 2338 Handius
1330 2273 1348 2337 l.
1372 2274 1390 2337 Ι.
1413 2293 1444 2355 p.
1461 2275 1480 2338 6
1504 2272 1696 2354 excogitavit
1715 2272 1794 2337 mihi
1815 2293 2005 2355 persuasum
2025 2294 2091 2339 non
2112 2281 2176 2352 est;
2199 2279 2344 2344 carmina

696 2384 782 2448 enim
803 2402 887 2465 quae
901 2379 986 2442 κατοὲ
1001 2383 1114 2459 στίχον
1126 2379 1310 2456 decurrunt,
1332 2379 1358 2443 si
1373 2380 1569 2462 strophicam
1591 2380 1780 2445 divisionem
1802 2381 1981 2463 patiuntur,
2004 2382 2036 2446 in
2050 2384 2257 2465 stropharum
2280 2387 2344 2452 fine

696 2489 909 2572 interpunctio
946 2489 1058 2570 utique
1092 2486 1198 2551 locum
1239 2487 1387 2566 habebit,
1427 2487 1478 2552 cui
1516 2488 1577 2570 legi
1613 2488 1646 2551 in
1685 2488 1748 2552 hoc
1786 2493 1937 2570 poemate
1975 2489 2122 2571 adprIme
2161 2499 2344 2575 repugnant

696 2617 806 2662 versus
829 2597 866 2660 17
888 2600 919 2660 et
944 2596 991 2660 18.

798 2704 1035 2785 Argumentum
1054 2701 1140 2765 idem
1161 2700 1254 2764 metri
1277 2700 1412 2765 artificio
1434 2702 1498 2764 tere
1519 2699 1642 2777 eodem,
1665 2700 1722 2763 sed
1733 2700 1924 2766 tractatione
1938 2701 2069 2767 omnino
2085 2703 2211 2769 diversa
2227 2706 2342 2771 iterum

698 2830 867 2895 aggressus
889 2815 936 2875 est
957 2812 1053 2892 poeta
1076 2809 1218 2873 carmine
1239 2807 1371 2884 LVlllb‚
1392 2807 1480 2888 quod
1497 2807 1627 2890 quidem
1650 2826 1781 2871 carmen
1798 2807 1865 2872 iore
1881 2827 1976 2890 spero
1995 2813 2031 2873 ut
2045 2829 2140 2875 nemo
2161 2831 2259 2877 sanus
2277 2813 2342 2878 iam

695 2918 883 2984 translocari
905 2917 983 2981 mihi
1011 2916 1120 2981 iubeat
1147 2916 1192 2979 ita
1219 2919 1255 2979 ut
1283 2934 1357 2978 cum
1388 2932 1414 2977 c.
1438 2913 1490 2978 LV
1520 2915 1552 2978 In
1577 2934 1679 2978 unum
1709 2915 1936 2979 consarciatur.
1987 2915 2071 2995 Quid
2093 2918 2201 2985 enim?
2237 2940 2344 2985 nonne

697 3026 794 3092 etiam
816 3025 1043 3101 burdationem,
1072 3027 1108 3088 ut
1127 3021 1309 3103 exemplum
1331 3040 1468 3102 ponam,
1499 3022 1549 3085 bis
1571 3021 1722 3086 tractavit
1748 3021 1892 3086 Catullus
1921 3027 1954 3087 et
1981 3043 2007 3088 c.
2030 3023 2058 3086 V
2079 3029 2111 3090 et
2132 3044 2158 3090 c.
2182 3026 2258 3091 Vll?
2284 3047 2344 3093 nec

696 3133 757 3198 erit
787 3132 867 3196 haec
903 3132 968 3196 duo
998 3130 1053 3213 qui
1084 3128 1217 3194 conflari
1247 3128 1366 3206 velit2).
1425 3128 1477 3192 Sic
1512 3132 1621 3193 autem
1660 3147 1791 3194 carmen
1830 3128 1908 3194 illud
1955 3130 2091 3195 alterum
2127 3132 2166 3197 de
2195 3133 2344 3201 Camerio

699 3240 874 3306 deductum
894 3243 957 3303 est:

1490 3358 1513 3395 c.
1525 3340 1613 3394 LVIII
1623 3341 1654 3395 b:

1255 3450 1319 3505 Non
1337 3454 1427 3506 custos
1443 3451 1466 3505 si
1483 3452 1574 3518 fingar
1593 3452 1638 3506 ille
1656 3451 1775 3514 Cretum,

1251 3537 1314 3593 Non
1331 3538 1354 3593 si
1375 3538 1494 3607 Pegaseo
1512 3537 1586 3593 ferar
1604 3539 1706 3602 volatu,

1251 3622 1313 3677 Non
1331 3623 1417 3678 Ladas
1434 3641 1485 3694 ego
1502 3624 1662 3694 pinnipesve
1682 3625 1800 3686 Persem,

1251 3709 1315 3765 Non
1333 3709 1417 3765 lihesi
1434 3711 1531 3766 niveae
1548 3711 1673 3780 citaeque
1692 3710 1780 3781 bigae,

1200 3798 1216 3851 5
1253 3797 1330 3852 Adde
1345 3797 1399 3851 huc
1418 3796 1589 3867 plumipedes
1608 3796 1784 3866 volatilesque

1253 3883 1459 3952 Ventorumque
1476 3883 1556 3937 simul
1574 3883 1682 3951 require
1699 3900 1814 3944 cursum,

1251 3969 1322 4035 Quos
1339 3969 1459 4035 iunctos,
1481 3969 1600 4028 (lameri.
1624 3968 1692 4022 mihi
1711 3968 1830 4023 dicares:

1254 4056 1380 4112 Defessus
1397 4059 1491 4111 tamen
1507 4055 1633 4110 omnibus
1651 4054 1776 4110 medullis

1252 4141 1289 4196 Et
1306 4141 1401 4196 multis
1418 4142 1579 4212 langoribus
1595 4159 1703 4212 peresus

1184 4227 1217 4281 10
1252 4227 1345 4282 Essem
1364 4232 1392 4284 te
1410 4229 1492 4292 mihi,
1518 4229 1619 4293 amice,
1645 4226 1835 4297 quaeritando.

801 4335 922 4419 Locum
950 4337 1046 4401 istum
1077 4336 1220 4404 imitatus
1249 4345 1297 4405 est
1324 4341 1509 4424 Propertius
1527 4340 1650 4419 1130,3
1670 4362 1735 4424 sq.:
1768 4340 1839 4405 Non
1862 4341 1892 4404 ai
1915 4339 2053 4424 Pegaseo
2076 4362 2158 4424 eqs,
2188 4338 2347 4403 similiter·

701 4463 765 4526 que
803 4444 901 4508 etiam
938 4444 1070 4509 Ovidius
1108 4445 1202 4511 Trist.
1232 4446 1272 4510 lll
1299 4449 1370 4525 8‚1
1403 4467 1468 4530 sq:
1510 4446 1605 4513 Nunc
1640 4470 1692 4533 epo
1736 4446 1921 4533 Triptolemi
1962 4468 2105 4535 cuperem
2141 4445 2347 4512 aescendere

702 4569 833 4615 cur-rum
854 4570 919 4633 eqs.

802 4746 827 4815 1)
845 4745 909 4800 nuri
926 4748 981 4804 aa.

799 4851 826 4919 2)
846 4852 970 4923 Apparet
986 4868 1041 4921 quo
1058 4852 1117 4907 iure
1133 4851 1256 4906 Handius
1272 4851 1410 4923 scripserit
1429 4870 1456 4923 p.
1475 4853 1505 4907 6:
1535 4852 1672 4907 »Tantum
1690 4868 1753 4906 vero
1770 4851 1860 4915 abest,
1878 4855 1911 4907 ut
1927 4853 2039 4920 poetam
2056 4848 2090 4903 de
2107 4864 2164 4902 una
2180 4847 2232 4903 hac
2248 4864 2278 4903 re
2292 4846 2347 4901 duo

702 4936 825 4992 carmina
849 4937 943 4994 fecisse
960 4942 989 4994 et
1006 4939 1042 4996 ad
1059 4937 1213 4995 Camerium
1231 4937 1335 4993 misine
1352 4937 1548 5004 existimemus,
1573 4942 1605 4993 ut
1628 4938 1678 4992 hos
1696 4954 1787 4994 versus
1804 4938 1945 5009 adipsum
1962 4935 2015 4990 hoo
2032 4950 2155 4999 carmen,
2182 4934 2217 4989 de
2234 4950 2289 5003 quo
2307 4935 2346 4990 lo-

701 5024 824 5091 quimur,
847 5024 984 5093 pertinere
1001 5040 1180 5080 censeamus«
