4792 6120
1165 439 1236 504 XVI

483 638 547 704 Sed
568 639 665 703 etiarn
686 656 725 701 ex
747 636 987 701 Anacreonticis
1008 655 1137 700 carmen
1151 637 1190 700 19
1210 635 1243 699 in
1263 632 1512 716 comparationis
1533 651 1627 697 usum
1648 631 1844 707 tramarib03
1870 630 1968 714 quod
1992 630 2039 694 sic

383 746 545 829 procedit:

916 848 950 900 At
969 846 1081 901 Μοῦσαι
1098 843 1145 900 τὸν
1159 844 1265 920 Ἔρωτα

917 931 1032 1005 deiectam
1050 931 1230 1001 στεφάνοισιν

917 1019 954 1093 τῷ
976 1018 1081 1073 Kolta
1101 1019 1272 1091 παρέδωκαν·

917 1107 964 1159 καὶ
982 1102 1067 1176 νῦνῆ
1091 1105 1238 1177 Κυθέρεια

881 1194 898 1246 5
919 1197 995 1263 ζητεῖ
1010 1189 1094 1264 λύτρα
1113 1192 1234 1263 φέρουσα

918 1277 1054 1331 λύσασθαι
1075 1273 1123 1331 τὸν
1137 1276 1250 1349 Ἔρωτα.

919 1361 972 1417 κᾶν
989 1363 1056 1437 λύσῃ
1074 1363 1105 1417 de'
1122 1382 1165 1423 τις
1182 1358 1276 1428 αὐτόν,

918 1445 968 1502 οὐκ
986 1448 1085 1513 ἔξεισι,
1109 1449 1191 1521 μένει
1207 1448 1244 1502 δέ.

919 1533 1063 1589 δουλεύειν
1081 1535 1247 1589 δεδίδακται.

383 1658 551 1741 inquibus
573 1676 637 1721 non
657 1656 760 1720 solum
784 1657 873 1739 ζητεῖ
890 1675 919 1719 v.
942 1656 977 1730 5,
1007 1655 1064 1720 sed
1085 1655 1223 1719 maxime
1247 1653 1297 1717 ille
1319 1655 1464 1719 versus8
1487 1654 1544 1716 οὐκ
1564 1654 1677 1733 ἔξεισι,
1706 1663 1796 1735 μέτει
1817 1652 1856 1716 δι’
1877 1653 1987 1737 plane
2012 1654 2045 1719 ei

384 1763 559 1828 inventioni
582 1763 716 1827 debetur
737 1762 788 1825 cui
807 1762 915 1843 paruit
934 1762 1025 1825 Musa
1047 1760 1235 1825 Catulliana.
2023 1816 2026 1820 ,

489 1869 579 1948 Quae
608 1869 663 1950 qui
693 1868 903 1951 perspexerit,
934 1868 998 1932 iarn
1027 1868 1190 1933 etiamad
1217 1868 1332 1933 Catulli
1362 1886 1490 1933 versum
1514 1868 1568 1947 lt,
1599 1868 1689 1932 cuius
1719 1867 1915 1932 sententiam
1937 1869 2040 1933 anci-

383 1976 482 2059 pitem
505 1977 631 2059 proviso
653 1975 726 2039 lecit
746 1979 859 2057 poeta:

929 2081 999 2136 Hem
1017 2079 1061 2134 hic
1078 2076 1106 2133 in
1123 2080 1207 2136 roseis
1225 2080 1295 2135 latet
1311 2079 1419 2150 papillis

384 2193 537 2257 Amorem
560 2192 755 2256 confidenter
777 2192 809 2255 in
832 2192 984 2256 auxilium
1005 2192 1140 2257 vocabit.
1181 2193 1268 2257 Duas
1290 2192 1384 2257 huius
1402 2192 1463 2256 loci
1485 2191 1761 2274 interpretationes
1781 2189 1911 2255 tolerari
1933 2210 2040 2272 posse

386 2300 467 2375 dixi:
497 2299 624 2381 utrique
647 2303 755 2363 autern
781 2299 851 2380 pari
873 2299 938 2361 sere
958 2298 1054 2362 modo
1083 2299 1169 2363 favet
1189 2299 1305 2373 Amor:
1336 2303 1433 2381 atque
1460 2299 1556 2362 etiam
1586 2298 1630 2361 sic
1653 2298 1801 2379 aenigma
1828 2297 1906 2361 illud
1928 2297 2040 2362 stabit

385 2425 444 2469 nec
467 2404 606 2469 solutum
629 2404 696 2469 erit.
739 2404 771 2467 Si
801 2404 887 2468 enim
915 2404 996 2468 inter
1023 2404 1158 2485 papillas
1186 2404 1310 2487 puellae
1339 2403 1438 2470 latere
1466 2404 1648 2469 Camerium
1671 2404 1842 2482 sumimus,
1873 2404 2036 2469 contendi

385 2515 518 2594 possunt
537 2511 652 2593 quibus
673 2511 826 2575 Amorem
845 2509 1003 2592 Meleager
1025 2511 1196 2593 compellat
1217 2509 1345 2575 Anthol.
1367 2510 1435 2575 Pal.
1457 2510 1483 2572 V
1506 2506 1640 2575 177201'2'
1659 2533 1701 2590 με
1721 2509 1872 2593 λέληθας,
1892 2510 2034 2589 τοξότα,

453 2613 581 2698 ὄμμασι
604 2615 825 2697 κρυπτόμενος
854 2616 904 2680 vel
931 2617 1018 2699 quod
1045 2617 1132 2682 dedit
1160 2617 1225 2681 sive
1247 2617 1339 2681 Plato
1368 2617 1434 2681 sive
1456 2617 1662 2700 Asclepiades
1689 2617 1764 2682 ibid.
1785 2616 1838 2680 Vll
1859 2617 1936 2681 217:
1971 2617 2035 2680 ἐπὶ

386 2723 525 2805 ῥυτίδων
544 2722 563 2785 o‘
583 2722 695 2803 γλοκύς
709 2721 787 2799 ἕζετ’
799 2720 906 2802 Ἔρως.
943 2723 985 2799 Si,
1004 2722 1091 2804 quod
1111 2722 1219 2804 paullo
1237 2724 1340 2804 magis
1361 2723 1469 2788 animo
1490 2723 1705 2799 adblanditm,
1728 2722 1864 2806 papillas
1877 2743 2032 2787 rosarum

387 2830 649 2911 interpretamur,
678 2828 842 2911 praeclare
871 2829 1032 2911 conspirat
1059 2828 1201 2893 Platonis
1230 2830 1318 2911 quod
1346 2829 1509 2894 terebatur
1537 2849 1653 2912 poema
1683 2830 1812 2895 Anthol.
1841 2829 1932 2894 Plan.
1964 2830 2030 2896 ⁶210

387 2936 440 3016 (39
458 2935 583 3017 Bergk.)
612 2956 641 2999 v.
664 2937 684 2999 5
714 2935 769 3000 ubi
797 2935 875 2999 deus
904 2954 978 2999 ecce
1006 2923 1102 2997 εὕδει·
1130 2937 1165 2997 ἐι·
1193 2934 1367 3000 natuturam
1397 2935 1523 3018 lodov,-
1551 2956 1610 3001 nec
1639 2937 1745 3000 minus
1774 2955 1904 3001 carmen
1934 2937 2030 3001 Ana·

388 3045 572 3107 creonteum
592 3042 627 3105 5:

870 3161 979 3229 Στέφος
995 3162 1103 3216 πλέκων
1119 3158 1187 3215 ποθ’
1206 3149 1288 3235 εὗρον

858 3244 900 3309 ,ἐν
919 3254 975 3307 τοῖς
992 3247 1083 3321 ῥόδοις
1096 3248 1210 3320 Ἔρωτα.

869 3335 916 3386 καὶ
936 3332 989 3387 τῶν
1006 3333 1115 3406 πτερῶν
1134 3330 1275 3404 κατασχὼν

870 3414 992 3487 ἕβιίτιτιιῖ
1010 3418 1051 3480 εἰς
1069 3414 1116 3473 τὸν
1135 3416 1212 3473 οἶνον
1229 3422 1285 3473 κτλ.

388 3553 452 3616 quo
476 3533 545 3598 loco
566 3531 642 3613 quia
663 3531 694 3594 in
718 3531 862 3595 convivio
882 3551 933 3595 res
954 3532 1068 3613 agitur,
1089 3533 1142 3597 vix
1158 3533 1191 3596 in
1212 3533 1295 3597 horti
1314 3533 1443 3609 rosaria,
1466 3532 1521 3597 sed
1537 3533 1643 3615 potius
1663 3533 1696 3596 in
1717 3533 1813 3597 corbe
1833 3532 1912 3597 rosis
1929 3533 2030 3615 pleno

388 3639 566 3704 consedisse
598 3637 743 3700 videatur
765 3636 897 3719 Cupido.
940 3637 1051 3720 Neque
1079 3639 1223 3720 ignotum
1248 3643 1296 3703 est
1323 3639 1404 3703 inter
1431 3639 1525 3703 liores
1546 3639 1718 3721 Cupidines
1748 3658 1846 3721 quarn
1873 3659 1970 3722 saepe
1993 3639 2029 3703 in

388 3744 602 3811 monumentis
623 3744 851 3825 repraesentati
874 3745 953 3823 sint,
982 3765 1021 3809 ea
1038 3749 1147 3810 tamen
1168 3745 1369 3822 condicione,
1398 3749 1434 3808 ut
1460 3746 1648 3827 plerumque
1676 3745 1782 3828 polius
1805 3745 1865 3827 ipsi
1892 3749 2029 3811 nectant

389 3852 522 3917 corollas
543 3850 593 3915 vel
613 3849 762 3914 manibus
783 3854 919 3931 gestent:
947 3851 1043 3916 modo
1072 3852 1170 3916 adeas
1191 3851 1327 3932 Helbigii
1347 3851 1620 3933 Wandgemaelde
1641 3850 1701 3914 sub
1721 3870 1752 3915 n.
1775 3851 1835 3916 799
1856 3854 1888 3915 et
1909 3848 1972 3915 800
1994 3856 2031 3916 et

389 3959 453 4024 alia
472 3957 620 4042 plurima.

391 4282 457 4372 lV.
513 4281 572 4367 lle
590 4308 797 4393 puerorum
816 4279 1051 4367 minutorum
1067 4284 1237 4369 nuditate
1264 4291 1304 4368 et
1331 4284 1380 4368 do
1397 4284 1583 4368 Amorum
1609 4285 1767 4368 deorum
1791 4279 2027 4366 inventione.

490 4463 528 4528 Et
559 4463 640 4527 haec
670 4462 800 4545 quidem
822 4462 987 4554 hactenus.
1035 4464 1178 4529 Alterum
1209 4485 1285 4530 vero
1314 4465 1473 4548 peculiare
1502 4463 1535 4528 in
1564 4465 1704 4529 carmine
1724 4463 1838 4529 Catulli
1868 4462 1956 4545 quod
1985 4463 2029 4528 de

390 4571 536 4636 Camerio
557 4570 686 4634 effertur
706 4569 768 4634 hoc
789 4573 845 4648 est,
874 4569 962 4651 quod
983 4570 1104 4635 nudum
1125 4591 1193 4636 esse
1220 4571 1368 4635 audimus
1390 4590 1418 4634 v.
1444 4572 1498 4646 11;
1527 4570 1573 4635 sic
1601 4575 1685 4636 certe
1713 4570 1756 4634 ibi
1785 4570 1938 4635 traditum
1959 4572 2027 4634 est:

389 4678 511 4741 avidum
538 4676 650 4754 reduc,-
686 4676 791 4758 ipsum
816 4675 912 4741 reduc
948 4676 988 4741 de
1018 4697 1082 4760 quo
1118 4678 1224 4760 aptius
1253 4697 1351 4760 quam
1388 4678 1428 4742 de
1455 4677 1586 4759 fugitivo
1615 4677 1677 4742 dici
1704 4678 1804 4760 possit
1833 4696 1898 4741 non
1931 4675 2028 4742 video

390 4783 442 4861 (ct.
473 4804 504 4865 p.
533 4782 603 4865 lV);
642 4783 755 4865 quodsi
783 4782 943 4847 obiectum
975 4784 1064 4848 verbi
1092 4783 1187 4848 huius
1215 4782 1380 4848 Gamerius
1405 4787 1468 4862 est,
1506 4784 1628 4849 :tadum
1667 4783 1711 4848 ad
1744 4783 1831 4848 hunc
1868 4782 2030 4866 pertineat

389 4908 517 4953 necesse
538 4893 595 4954 est.
