4792 6120
980 456 1035 521 VH

280 659 344 724 Sed
361 657 447 722 enim
461 655 550 738 apud
565 651 726 719 Catullum
748 651 908 717 rhetorica
922 651 1074 734 periodus
1093 672 1159 716 nna
1180 656 1284 717 totum
1305 671 1379 716 ecce
1394 671 1524 717 carmen
1544 652 1671 734 explere
1688 652 1830 731 videtur;

182 767 223 831 de
253 770 415 831 structura
442 782 518 827 vero
540 760 756 826 dubitationes
777 759 869 823 lacile
890 763 1069 823 moventur.
1112 759 1238 823 Scilicet
1259 778 1334 823 cum
1363 777 1459 823 essem
1482 763 1627 841 tempore
1644 759 1830 841 imperfecto

182 874 308 955 legatur
335 891 365 935 v.
391 873 443 947 10,
473 868 673 950 illegitimum
700 870 748 931 est
779 865 867 948 quod
897 865 1005 947 (inpar
1033 870 1065 930 et
1091 865 1183 947 ferar
1208 865 1389 948 praesentia
1409 865 1475 930 sive
1503 867 1610 930 lutura
1631 865 1830 948 praecedunt

184 1001 213 1044 v.
236 981 250 1043 1
276 983 308 1044 et
328 978 363 1052 a
394 995 455 1041 nec
482 979 586 1058 potest
614 973 726 1056 negari
754 972 832 1037 illud
861 991 957 1037 casem
981 972 1169 1037 relationem
1195 991 1261 1036 non
1286 971 1408 1036 habere
1433 972 1494 1036 nisi
1523 972 1567 1037 ad
1594 972 1718 1038 dicares
1747 993 1776 1037 v.
1802 974 1831 1052 7,

184 1086 246 1151 hoc
275 1088 383 1150 autem
404 1082 538 1147 solutius
565 1081 721 1163 scriptum
743 1098 811 1144 esse
832 1098 891 1161 pro
912 1080 943 1144 ai
964 1079 1104 1158 dicores;
1134 1080 1273 1162 denique
1293 1080 1322 1143 ai
1340 1079 1447 1163 finpar
1463 1083 1495 1144 et
1516 1080 1547 1144 ai
1565 1078 1658 1162 ferar
1687 1083 1832 1162 protases

183 1196 258 1257 sunt
282 1190 351 1254 sine
381 1190 525 1272 epodosi.
577 1188 661 1252 Hinc
687 1206 762 1251 cum
788 1206 909 1268 magna
938 1186 971 1249 ni
1002 1185 1094 1251 fallor
1121 1187 1153 1250 vi
1182 1187 1379 1251 necessitatis
1406 1186 1639 1251 consectarium
1674 1191 1722 1251 est
1749 1187 1832 1252 inter

182 1317 292 1362 versus
315 1298 394 1361 1-5
413 1315 543 1362 versum
564 1314 666 1359 unum
688 1293 894 1369 intercidisse,
924 1293 1080 1375 apodosin
1109 1294 1164 1375 qui
1186 1293 1386 1357 continuerit.
1429 1292 1469 1357 El
1497 1292 1589 1357 lacile
1616 1293 1832 1375 praesumitur

181 1404 268 1469 hunc
292 1422 421 1486 quoque
443 1421 573 1466 versum
595 1400 671 1465 olim
703 1399 856 1481 incepisse
884 1419 922 1464 ex
952 1398 1067 1463 vocula
1098 1399 1188 1478 Noa,
1218 1418 1284 1481 qua
1306 1399 1431 1481 decepti
1460 1399 1544 1464 oculi
1565 1399 1768 1464 librariorum
1788 1400 1832 1464 ad

183 1511 367 1592 proximum
383 1528 511 1573 versum
529 1527 587 1590 per
604 1507 729 1588 lapsum
747 1506 890 1570 lectionis
907 1505 1097 1570 aberrarint.
1137 1506 1322 1587 Elegantias
1343 1525 1403 1588 ego
1422 1507 1552 1588 quidem
1567 1525 1633 1570 non
1649 1507 1832 1588 praestab0,

183 1618 289 1698 cogito
310 1620 419 1680 autem
441 1616 486 1679 sic
505 1614 569 1679 lere
589 1613 780 1696 processisse
801 1631 999 1677 sermonem:

689 1741 753 1796 Non
771 1744 861 1796 custos
878 1741 902 1795 si
920 1742 1009 1811 fingar
1026 1740 1073 1795 ille
1089 1739 1209 1805 Cretum,

688 1829 752 1883 Non
769 1827 793 1883 si
811 1829 930 1896 Pegaseo
950 1829 1023 1882 ferar
1041 1828 1142 1891 volatu,

688 1915 752 1968 Non
769 1915 857 1970 Ladas
876 1932 927 1985 ego
946 1914 1105 1986 pinnipesve
1122 1916 1241 1978 Perseus,

620 2003 656 2056 4a
690 2000 754 2054 Non
772 2000 855 2054 Rhesi
873 1999 970 2056 niveae
988 2000 1114 2070 citaeque
1130 1999 1219 2070 bigae,

619 2087 655 2140 lb
689 2087 753 2140 Non
772 2103 828 2140 non
845 2086 985 2143 inveniam
1003 2091 1064 2142 tuas
1082 2084 1219 2142 tenebras.

637 2174 653 2226 5
689 2171 767 2226 Adde
784 2172 837 2227 huc
857 2189 912 2242 eqo.

182 2304 305 2384 Quibus
335 2304 472 2387 receptis
500 2302 633 2367 tandem
668 2305 704 2366 ut
734 2301 860 2368 dicares
886 2306 918 2367 et
947 2322 1045 2368 essen
1071 2301 1153 2366 inter
1172 2322 1207 2367 se
1234 2302 1444 2383 respondent,
1475 2303 1520 2367 ita
1548 2302 1645 2368 etiam
1672 2304 1781 2385 (inpar
1801 2307 1833 2368 et

181 2413 349 2478 inveniam.
392 2411 427 2475 In
450 2409 594 2476 versibus
610 2413 718 2473 autem
736 2410 755 2473 3
774 2412 805 2473 et
819 2409 876 2488 4⁵,
901 2409 974 2474 licet
996 2409 1171 2474 duriusculi
1191 2409 1263 2486 sint,
1282 2409 1360 2474 satis
1381 2408 1486 2475 habeo
1505 2415 1613 2475 mente
1635 2411 1783 2493 supplere
1804 2410 1833 2473 si

182 2521 244 2583 sim
270 2518 320 2582 vel
348 2539 402 2582 ero
431 2521 528 2599 atque
555 2520 695 2580 vertam:
729 2516 837 2580 »nicht
866 2515 914 2581 als
940 2498 1046 2581 Ladas
1074 2516 1152 2580 oder
1181 2516 1228 2580 als
1248 2515 1400 2595 Perseus,
1430 2516 1520 2581 nicht
1547 2516 1594 2581 als
1623 2517 1679 2581 des
1704 2516 1831 2582 Rhesus

182 2625 367 2707 Gespann‹;
390 2627 589 2706 postremum
605 2622 667 2687 hoc
688 2623 739 2687 cui
759 2623 880 2687 dictum
894 2624 990 2687 nimis
1005 2623 1175 2688 temerarie
1187 2622 1344 2700 videatur,
1361 2623 1500 2704 corrigat
1514 2623 1609 2689 mihi:
1628 2645 1692 2688 aon
1706 2623 1832 2688 Rhesus

187 2733 280 2796 niveo
301 2732 425 2813 citoque
445 2731 529 2813 tipo.

279 2862 529 2926 Discernendum
547 2881 615 2926 esse
632 2880 763 2927 carmen
778 2861 840 2926 hoc
862 2861 984 2926 LVlllb
1004 2880 1024 2926 a
1046 2862 1188 2927 carmine
1203 2860 1256 2926 LV
1273 2879 1333 2925 nec
1348 2860 1498 2926 idoneam
1514 2862 1671 2926 rationem
1690 2882 1757 2928 esse
1775 2883 1832 2927 cur

180 2970 278 3034 fidem
300 2968 448 3034 codicum
474 2968 740 3050 intemperantius
770 2969 1000 3047 detrectemus,
1031 2988 1130 3051 supra
1151 2968 1311 3033 monitum
1334 2971 1390 3032 est.
1433 2968 1506 3033 Scio
1533 2988 1612 3032 sane
1639 2968 1830 3033 clarissimos

182 3077 258 3141 olim
281 3076 365 3139 viros
384 3074 602 3139 contusionem
624 3075 804 3139 carminum
826 3076 1020 3151 decrevisse;
1041 3075 1098 3140 sed
1119 3077 1181 3140 hac
1203 3080 1288 3140 certe
1309 3075 1342 3139 in
1363 3095 1398 3140 re
1417 3074 1461 3139 illi
1483 3075 1570 3139 aliud
1592 3080 1742 3158 egerunt;
1765 3095 1830 3142 non

180 3187 347 3247 senserunt
375 3182 460 3247 enim
482 3200 645 3246 summam
673 3182 761 3246 illam
791 3184 853 3247 stili
876 3183 1109 3260 diversitatem,
1140 3203 1223 3266 quae
1245 3183 1327 3247 inter
1354 3202 1394 3247 ea
1420 3182 1595 3247 intercedit.
1637 3183 1704 3249 Nos
1724 3203 1830 3267 neque

181 3289 286 3355 oleum
301 3309 375 3353 cum
388 3308 474 3371 aqua
490 3288 767 3354 commiscebimus
781 3309 885 3371 neque
902 3289 1053 3372 equinam
1069 3289 1226 3354 cervicem
1241 3290 1337 3372 capiti
1354 3288 1498 3354 humano
1516 3289 1695 3371 iungemus.
1737 3290 1830 3356 Prius

181 3415 296 3478 nempe
317 3416 434 3477 poema
455 3396 631 3460 cottidiana
652 3395 790 3478 loquella
812 3397 926 3475 utitur,
947 3396 1104 3478 posterius
1124 3395 1319 3460 rhetoricum
1341 3400 1404 3471 est;
1426 3396 1563 3461 alterum
1584 3397 1616 3461 in
1638 3402 1829 3478 argumento

183 3504 367 3584 simpliciter
397 3503 579 3574 enarrando
602 3502 756 3580 decurrit,
788 3503 924 3568 alterum
946 3522 1064 3584 magno
1092 3507 1252 3584 apparatu
1274 3502 1412 3567 fabulari
1433 3507 1584 3567 ornatum
1606 3507 1638 3568 et
1660 3507 1828 3568 oneratum

182 3612 230 3671 est
252 3608 386 3684 Perseo,
416 3609 526 3673 Rheso
554 3609 710 3674 similibus
740 3610 772 3674 in
801 3610 1075 3692 comparationem
1098 3609 1228 3674 vocatis
1271 3608 1366 3688 Quod
1393 3629 1434 3674 ne
1460 3611 1527 3674 sine
1556 3611 1687 3674 consilio
1714 3614 1829 3692 poetae

182 3717 301 3779 lactum
322 3734 389 3778 esse
411 3715 539 3792 credas,
568 3717 665 3780 etiam
684 3716 799 3781 iterum
820 3717 969 3781 attendas
990 3715 1086 3780 velim
1109 3715 1151 3779 ad
1174 3716 1319 3780 carmina
1339 3715 1453 3798 parilia
1474 3715 1501 3778 V
1521 3720 1553 3781 et
1574 3716 1628 3780 VH
1649 3736 1733 3799 quae
1754 3722 1830 3782 sunt

183 3820 223 3885 de
244 3821 437 3897 basiatione;
460 3841 533 3885 ecce
549 3822 611 3885 stili
629 3822 662 3886 ln
684 3823 720 3886 iis
737 3821 951 3905 discrepantia
966 3822 1097 3898 eadem;
1120 3841 1250 3886 carmen
1267 3822 1352 3887 enim
1368 3821 1396 3884 V
1412 3822 1623 3886 cottidianum
1638 3842 1829 3901 sermonem,

182 3947 311 3991 carmen
331 3928 384 3992 Vll
404 3929 499 4011 plane
521 3929 715 3993 rhetoricum
737 3930 881 4006 affectat3
912 3930 990 3994 illud
1011 3928 1148 3994 fabulari
1168 3932 1330 4011 apparatu
1350 3948 1481 4011 prorsus
1503 3933 1606 4006 caret,
1628 3929 1689 3994 hoc
1709 3949 1828 4012 magna

181 4035 234 4098 illa
254 4036 494 4114 comparatione
512 4035 663 4118 Libyssae
685 4036 826 4101 harenae
854 4041 886 4101 et
914 4036 1055 4102 siderum
1085 4036 1228 4100 instituta
1254 4033 1456 4116 splendorem
1487 4035 1682 4117 singularem
1703 4038 1827 4119 accepit

181 4142 336 4222 adestque
358 4140 401 4204 ibi
423 4141 519 4206 etiam
540 4142 623 4206 lovis
644 4147 676 4207 et
697 4141 782 4207 Batti
798 4146 835 4207 ¹et
856 4142 908 4207 illa
930 4142 1086 4225 laserpicii
1107 4142 1262 4207 memoria
1285 4161 1388 4224 paene
1408 4142 1519 4224 putide
1542 4142 1640 4206 illata.

279 4263 344 4328 Sed
371 4263 468 4327 etiam
493 4265 586 4345 plura
615 4270 818 4349 argumenta,
851 4285 892 4330 ne
920 4266 999 4347 quid
1028 4270 1140 4331 contra
1168 4266 1323 4331 librorum
1349 4267 1572 4331 auctoritatem
1604 4266 1827 4348 periclitemur,

182 4369 384 4444 dissuadent;
411 4389 522 4433 eorum
544 4373 697 4437 nonnulla
727 4372 805 4436 scite
833 4374 1033 4437 enumeravit
1057 4372 1182 4438 Riesius
1210 4373 1252 4437 ad
1273 4391 1299 4437 c.
1314 4372 1449 4448 LVIIIb;
1479 4373 1562 4437 inter
1592 4392 1676 4455 quae
1697 4375 1829 4438 maximi

180 4477 335 4542 momenti
375 4476 554 4541 differentia
588 4479 721 4543 metrica
752 4498 818 4561 qua
854 4477 886 4542 in
916 4497 942 4542 c.
966 4479 1018 4543 LV
1048 4479 1241 4562 decasyllabi
1269 4479 1373 4544 forma
1401 4479 1466 4544 lere
1496 4480 1529 4544 in
1564 4480 1665 4545 altero
1701 4500 1830 4564 quoque

182 4588 285 4648 metro
305 4588 378 4661 stat,
400 4584 433 4647 in
454 4602 480 4647 c.
493 4582 615 4648 LVsslb
636 4585 736 4649 multo
757 4586 870 4650 rarius.
914 4585 1022 4664 Quid?
1045 4587 1133 4669 quod
1155 4586 1252 4650 etiam
1276 4586 1365 4650 dubii
1384 4586 1563 4651 haerebant
1582 4587 1692 4664 critici,
1716 4591 1829 4652 ulrum

180 4710 311 4755 carmen
332 4689 455 4754 LVlllb
488 4690 548 4772 ipsi
569 4690 626 4754 fini
647 4692 796 4756 carminis
818 4692 870 4756 LV
890 4692 1062 4757 adsuerent
1083 4727 1122 4736 -
1143 4692 1201 4756 sed
1222 4692 1267 4756 sic
1287 4692 1388 4757 dulcis
1409 4692 1545 4758 fabellae
1568 4694 1700 4758 effectus
1732 4693 1828 4776 plane

181 4797 377 4862 subvertitur
396 4832 436 4840 —
453 4816 495 4860 an
515 4797 691 4861 insererent
711 4798 762 4862 vel
783 4799 864 4862 inter
885 4819 935 4863 vv.
962 4801 1000 4864 13
1019 4805 1050 4864 et
1077 4801 1115 4863 14
1135 4799 1185 4863 vel
1206 4799 1288 4864 inter
1309 4820 1360 4864 vv.
1379 4800 1418 4865 14
1434 4805 1466 4864 et
1488 4802 1541 4876 15;
1569 4800 1626 4865 sed
1647 4802 1745 4866 etiam
1767 4803 1828 4867 hoc

182 4904 237 4983 qui
254 4904 387 4985 probat,
419 4903 556 4986 ineptias
586 4903 662 4985 agit.
704 4903 788 4968 Nam
818 4905 850 4969 in
879 4926 905 4971 c.
922 4906 1044 4971 LVlilb
1075 4906 1258 4971 Camerium
1289 4907 1483 4989 ›quaeritat‹
1517 4907 1660 4973 Catullus
1690 4909 1828 4973 necdum

183 5002 317 5088 invenit3
340 5013 453 5076 contra
469 5029 495 5075 c.
512 5010 564 5075 LV
579 5030 608 5077 v.
628 5012 666 5076 13
687 5010 752 5075 iam
766 5012 853 5093 apud
876 5013 1000 5095 puellas
1019 5014 1142 5078 amicus
1165 5014 1313 5079 inventus
1331 5018 1379 5078 est
1400 5019 1432 5079 et
1450 5017 1675 5081 tantummodo
1699 5016 1827 5097 »serre«,
