<?xml version="1.0" encoding="UTF-8"?>
<!DOCTYPE html PUBLIC "-//W3C//DTD XHTML 1.0 Transitional//EN"
    "http://www.w3.org/TR/xhtml1/DTD/xhtml1-transitional.dtd">
<html xmlns="http://www.w3.org/1999/xhtml" xml:lang="en" lang="en">
 <head>
  <title>
</title>
<meta http-equiv="Content-Type" content="text/html;charset=utf-8" />
  <meta name='ocr-system' content='tesseract 3.04.00' />
  <meta name='ocr-capabilities' content='ocr_page ocr_carea ocr_par ocr_line ocrx_word'/>
</head>
<body>
  <div class='ocr_page' id='page_1' title='image "./deamoruminartea00birtgoog_0019.png"; bbox 0 0 4792 6120; ppageno 0'>
   <div class='ocr_carea' id='block_1_1' title="bbox 1169 444 1226 508">
    <p class='ocr_par' dir='ltr' id='par_1_1' title="bbox 1169 444 1226 508">
     <span class='ocr_line' id='line_1_1' title="bbox 1169 444 1226 508; baseline -0.035 0"><span class='ocrx_word' id='word_1_1' title='bbox 1169 444 1226 508; x_wconf 89' lang='lat' dir='ltr'>XV</span> 
     </span>
    </p>
   </div>
   <div class='ocr_carea' id='block_1_2' title="bbox 341 638 2041 2324">
    <p class='ocr_par' dir='ltr' id='par_1_2' title="bbox 376 638 2041 1895">
     <span class='ocr_line' id='line_1_2' title="bbox 483 638 2016 723; baseline 0 -16"><span class='ocrx_word' id='word_1_2' title='bbox 483 642 549 707; x_wconf 88' lang='lat' dir='ltr'>Nec</span> <span class='ocrx_word' id='word_1_3' title='bbox 574 641 691 706; x_wconf 90' lang='lat' dir='ltr'>mirum</span> <span class='ocrx_word' id='word_1_4' title='bbox 711 660 753 704; x_wconf 91' lang='lat' dir='ltr'>ne</span> <span class='ocrx_word' id='word_1_5' title='bbox 775 640 806 704; x_wconf 92' lang='lat' dir='ltr'>in</span> <span class='ocrx_word' id='word_1_6' title='bbox 825 639 902 704; x_wconf 91' lang='lat' dir='ltr'>artis</span> <span class='ocrx_word' id='word_1_7' title='bbox 925 638 1055 720; x_wconf 86' lang='lat' dir='ltr'>quidem</span> <span class='ocrx_word' id='word_1_8' title='bbox 1075 638 1225 721; x_wconf 82' lang='lat' dir='ltr'>operibus</span> <span class='ocrx_word' id='word_1_9' title='bbox 1246 658 1349 721; x_wconf 88' lang='lat' dir='ltr'>nugas</span> <span class='ocrx_word' id='word_1_10' title='bbox 1374 639 1491 704; x_wconf 83' lang='lat' dir='ltr'>similes</span> <span class='ocrx_word' id='word_1_11' title='bbox 1512 640 1634 705; x_wconf 87' lang='lat' dir='ltr'>iocosas</span> <span class='ocrx_word' id='word_1_12' title='bbox 1657 660 1788 723; x_wconf 89' lang='lat' dir='ltr'>prorsus</span> <span class='ocrx_word' id='word_1_13' title='bbox 1816 642 1940 715; x_wconf 88' lang='lat' dir='ltr'>deesse;</span> <span class='ocrx_word' id='word_1_14' title='bbox 1973 644 2016 707; x_wconf 88' lang='lat' dir='ltr'>ad</span> 
     </span>
     <span class='ocr_line' id='line_1_3' title="bbox 378 746 2014 832; baseline 0 -18"><span class='ocrx_word' id='word_1_15' title='bbox 378 750 466 832; x_wconf 92' lang='lat' dir='ltr'>quod</span> <span class='ocrx_word' id='word_1_16' title='bbox 493 747 721 831; x_wconf 90' lang='lat' dir='ltr'>disputandum</span> <span class='ocrx_word' id='word_1_17' title='bbox 748 750 859 827; x_wconf 89' lang='lat' dir='ltr'>postea</span> <span class='ocrx_word' id='word_1_18' title='bbox 889 765 994 810; x_wconf 87' lang='lat' dir='ltr'>sermo</span> <span class='ocrx_word' id='word_1_19' title='bbox 1024 750 1181 823; x_wconf 88' lang='lat' dir='ltr'>recurret,</span> <span class='ocrx_word' id='word_1_20' title='bbox 1210 746 1264 812; x_wconf 92' lang='lat' dir='ltr'>ubi</span> <span class='ocrx_word' id='word_1_21' title='bbox 1290 747 1329 810; x_wconf 93' lang='lat' dir='ltr'>de</span> <span class='ocrx_word' id='word_1_22' title='bbox 1358 747 1552 829; x_wconf 89' lang='lat' dir='ltr'>pupulomm</span> <span class='ocrx_word' id='word_1_23' title='bbox 1577 747 1733 812; x_wconf 89' lang='lat' dir='ltr'>brevitate</span> <span class='ocrx_word' id='word_1_24' title='bbox 1756 749 2014 830; x_wconf 87' lang='lat' dir='ltr'>supplementum</span> 
     </span>
     <span class='ocr_line' id='line_1_4' title="bbox 379 851 2016 937; baseline -0.001 -16"><span class='ocrx_word' id='word_1_25' title='bbox 379 857 508 921; x_wconf 89' lang='lat' dir='ltr'>dabitur</span> <span class='ocrx_word' id='word_1_26' title='bbox 529 854 571 937; x_wconf 87' lang='lat' dir='ltr'>(p.</span> <span class='ocrx_word' id='word_1_27' title='bbox 592 851 719 933; x_wconf 81' lang='lat' dir='ltr'>XXIV),</span> <span class='ocrx_word' id='word_1_28' title='bbox 741 853 793 917; x_wconf 90' lang='lat' dir='ltr'>hic</span> <span class='ocrx_word' id='word_1_29' title='bbox 815 852 946 917; x_wconf 87' lang='lat' dir='ltr'>omnino</span> <span class='ocrx_word' id='word_1_30' title='bbox 969 852 1001 914; x_wconf 91' lang='lat' dir='ltr'>in</span> <span class='ocrx_word' id='word_1_31' title='bbox 1022 851 1206 916; x_wconf 90' lang='lat' dir='ltr'>hominibus</span> <span class='ocrx_word' id='word_1_32' title='bbox 1227 853 1357 917; x_wconf 88' lang='lat' dir='ltr'>adultae</span> <span class='ocrx_word' id='word_1_33' title='bbox 1378 854 1491 917; x_wconf 91' lang='lat' dir='ltr'>aetatis</span> <span class='ocrx_word' id='word_1_34' title='bbox 1513 852 1648 918; x_wconf 79' lang='lat' dir='ltr'>facetam</span> <span class='ocrx_word' id='word_1_35' title='bbox 1671 854 1836 936; x_wconf 90' lang='lat' dir='ltr'>quandam</span> <span class='ocrx_word' id='word_1_36' title='bbox 1856 856 2016 936; x_wconf 87' lang='lat' dir='ltr'>magnitu-</span> 
     </span>
     <span class='ocr_line' id='line_1_5' title="bbox 377 957 2015 1043; baseline -0.002 -15"><span class='ocrx_word' id='word_1_37' title='bbox 377 963 488 1027; x_wconf 90' lang='lat' dir='ltr'>dinum</span> <span class='ocrx_word' id='word_1_38' title='bbox 509 966 606 1043; x_wconf 88' lang='lat' dir='ltr'>atque</span> <span class='ocrx_word' id='word_1_39' title='bbox 626 964 768 1024; x_wconf 89' lang='lat' dir='ltr'>staturae</span> <span class='ocrx_word' id='word_1_40' title='bbox 789 957 1093 1040; x_wconf 78' lang='lat' dir='ltr'>contrapositionem</span> <span class='ocrx_word' id='word_1_41' title='bbox 1113 962 1145 1022; x_wconf 92' lang='lat' dir='ltr'>et</span> <span class='ocrx_word' id='word_1_42' title='bbox 1173 959 1419 1040; x_wconf 83' lang='lat' dir='ltr'>repugnantiam</span> <span class='ocrx_word' id='word_1_43' title='bbox 1441 960 1599 1042; x_wconf 86' lang='lat' dir='ltr'>placuisse</span> <span class='ocrx_word' id='word_1_44' title='bbox 1624 979 1841 1024; x_wconf 90' lang='lat' dir='ltr'>commemoro</span> <span class='ocrx_word' id='word_1_45' title='bbox 1869 980 1928 1025; x_wconf 88' lang='lat' dir='ltr'>nec</span> <span class='ocrx_word' id='word_1_46' title='bbox 1955 962 2015 1026; x_wconf 90' lang='lat' dir='ltr'>nisi</span> 
     </span>
     <span class='ocr_line' id='line_1_6' title="bbox 377 1063 2014 1150; baseline -0.001 -16"><span class='ocrx_word' id='word_1_47' title='bbox 377 1071 472 1134; x_wconf 91' lang='lat' dir='ltr'>unius</span> <span class='ocrx_word' id='word_1_48' title='bbox 500 1068 698 1150; x_wconf 90' lang='lat' dir='ltr'>potissimum</span> <span class='ocrx_word' id='word_1_49' title='bbox 729 1066 833 1147; x_wconf 85' lang='lat' dir='ltr'>pictae</span> <span class='ocrx_word' id='word_1_50' title='bbox 862 1064 993 1129; x_wconf 90' lang='lat' dir='ltr'>tabulae</span> <span class='ocrx_word' id='word_1_51' title='bbox 1027 1064 1133 1128; x_wconf 90' lang='lat' dir='ltr'>minus</span> <span class='ocrx_word' id='word_1_52' title='bbox 1158 1063 1296 1129; x_wconf 89' lang='lat' dir='ltr'>lascivae</span> <span class='ocrx_word' id='word_1_53' title='bbox 1325 1065 1520 1130; x_wconf 84' lang='lat' dir='ltr'>mentionem</span> <span class='ocrx_word' id='word_1_54' title='bbox 1545 1065 1655 1142; x_wconf 90' lang='lat' dir='ltr'>inicio,</span> <span class='ocrx_word' id='word_1_55' title='bbox 1683 1067 1806 1148; x_wconf 89' lang='lat' dir='ltr'>inqua</span> <span class='ocrx_word' id='word_1_56' title='bbox 1834 1066 1915 1132; x_wconf 91' lang='lat' dir='ltr'>Iovis</span> <span class='ocrx_word' id='word_1_57' title='bbox 1942 1087 2014 1132; x_wconf 91' lang='lat' dir='ltr'>cum</span> 
     </span>
     <span class='ocr_line' id='line_1_7' title="bbox 378 1170 2015 1254; baseline -0.001 -14"><span class='ocrx_word' id='word_1_58' title='bbox 378 1176 497 1240; x_wconf 89' lang='lat' dir='ltr'>Iunone</span> <span class='ocrx_word' id='word_1_59' title='bbox 526 1173 697 1237; x_wconf 87' lang='lat' dir='ltr'>conubium</span> <span class='ocrx_word' id='word_1_60' title='bbox 720 1170 915 1253; x_wconf 91' lang='lat' dir='ltr'>descriptum</span> <span class='ocrx_word' id='word_1_61' title='bbox 943 1189 1011 1233; x_wconf 86' lang='lat' dir='ltr'>esse</span> <span class='ocrx_word' id='word_1_62' title='bbox 1040 1170 1203 1234; x_wconf 87' lang='lat' dir='ltr'>verissima</span> <span class='ocrx_word' id='word_1_63' title='bbox 1224 1171 1407 1236; x_wconf 87' lang='lat' dir='ltr'>coniectura</span> <span class='ocrx_word' id='word_1_64' title='bbox 1424 1176 1487 1248; x_wconf 87' lang='lat' dir='ltr'>est;</span> <span class='ocrx_word' id='word_1_65' title='bbox 1515 1176 1547 1236; x_wconf 91' lang='lat' dir='ltr'>et</span> <span class='ocrx_word' id='word_1_66' title='bbox 1568 1172 1700 1236; x_wconf 90' lang='lat' dir='ltr'>deorum</span> <span class='ocrx_word' id='word_1_67' title='bbox 1726 1173 1855 1254; x_wconf 91' lang='lat' dir='ltr'>quidem</span> <span class='ocrx_word' id='word_1_68' title='bbox 1878 1176 2015 1254; x_wconf 82' lang='lat' dir='ltr'>grandes</span> 
     </span>
     <span class='ocr_line' id='line_1_8' title="bbox 378 1276 2015 1361; baseline 0.001 -17"><span class='ocrx_word' id='word_1_69' title='bbox 378 1279 590 1361; x_wconf 82' lang='lat' dir='ltr'>sublimesque</span> <span class='ocrx_word' id='word_1_70' title='bbox 611 1278 746 1359; x_wconf 89' lang='lat' dir='ltr'>figurae;</span> <span class='ocrx_word' id='word_1_71' title='bbox 776 1277 818 1340; x_wconf 90' lang='lat' dir='ltr'>ad</span> <span class='ocrx_word' id='word_1_72' title='bbox 840 1276 922 1340; x_wconf 93' lang='lat' dir='ltr'>lovis</span> <span class='ocrx_word' id='word_1_73' title='bbox 942 1277 1025 1341; x_wconf 90' lang='lat' dir='ltr'>latus</span> <span class='ocrx_word' id='word_1_74' title='bbox 1051 1296 1127 1340; x_wconf 92' lang='lat' dir='ltr'>vero</span> <span class='ocrx_word' id='word_1_75' title='bbox 1148 1276 1377 1342; x_wconf 87' lang='lat' dir='ltr'>homunciones</span> <span class='ocrx_word' id='word_1_76' title='bbox 1404 1282 1468 1343; x_wconf 86' lang='lat' dir='ltr'>tres</span> <span class='ocrx_word' id='word_1_77' title='bbox 1489 1279 1676 1343; x_wconf 87' lang='lat' dir='ltr'>assedemnt</span> <span class='ocrx_word' id='word_1_78' title='bbox 1695 1279 1817 1343; x_wconf 90' lang='lat' dir='ltr'>inmani</span> <span class='ocrx_word' id='word_1_79' title='bbox 1843 1280 2015 1361; x_wconf 85' lang='lat' dir='ltr'>exiguitate</span> 
     </span>
     <span class='ocr_line' id='line_1_9' title="bbox 377 1382 2014 1469; baseline 0 -19"><span class='ocrx_word' id='word_1_80' title='bbox 377 1387 515 1468; x_wconf 84' lang='lat' dir='ltr'>insignes</span> <span class='ocrx_word' id='word_1_81' title='bbox 549 1385 590 1465; x_wconf 77' lang='lat' dir='ltr'>(v.</span> <span class='ocrx_word' id='word_1_82' title='bbox 620 1383 726 1449; x_wconf 88' lang='lat' dir='ltr'>Raoul</span> <span class='ocrx_word' id='word_1_83' title='bbox 746 1382 903 1447; x_wconf 88' lang='lat' dir='ltr'>Rochette</span> <span class='ocrx_word' id='word_1_84' title='bbox 943 1383 1037 1446; x_wconf 84' lang='lat' dir='ltr'>choix</span> <span class='ocrx_word' id='word_1_85' title='bbox 1067 1383 1107 1446; x_wconf 91' lang='lat' dir='ltr'>de</span> <span class='ocrx_word' id='word_1_86' title='bbox 1136 1383 1232 1465; x_wconf 92' lang='lat' dir='ltr'>peint.</span> <span class='ocrx_word' id='word_1_87' title='bbox 1266 1384 1330 1448; x_wconf 90' lang='lat' dir='ltr'>tab.</span> <span class='ocrx_word' id='word_1_88' title='bbox 1362 1385 1395 1460; x_wconf 77' lang='lat'>13</span> <span class='ocrx_word' id='word_1_89' title='bbox 1429 1386 1467 1447; x_wconf 83' lang='lat' dir='ltr'>ci.</span> <span class='ocrx_word' id='word_1_90' title='bbox 1497 1383 1613 1466; x_wconf 86' lang='lat' dir='ltr'>Helbig</span> <span class='ocrx_word' id='word_1_91' title='bbox 1643 1384 1834 1466; x_wconf 88' lang='lat' dir='ltr'>Wandgem.</span> <span class='ocrx_word' id='word_1_92' title='bbox 1862 1405 1893 1449; x_wconf 91' lang='lat' dir='ltr'>n.</span> <span class='ocrx_word' id='word_1_93' title='bbox 1927 1387 2014 1469; x_wconf 75' lang='lat'><strong>114);</strong></span> 
     </span>
     <span class='ocr_line' id='line_1_10' title="bbox 377 1489 2015 1571; baseline 0.001 -15"><span class='ocrx_word' id='word_1_94' title='bbox 377 1491 561 1564; x_wconf 79' lang='grc' dir='ltr'><strong><em>Δακτύλους</em></strong></span> <span class='ocrx_word' id='word_1_95' title='bbox 583 1491 660 1555; x_wconf 91' lang='lat' dir='ltr'>deos</span> <span class='ocrx_word' id='word_1_96' title='bbox 686 1489 887 1571; x_wconf 85' lang='lat' dir='ltr'>agnoscimus</span> <span class='ocrx_word' id='word_1_97' title='bbox 911 1489 976 1552; x_wconf 92' lang='lat' dir='ltr'>sive</span> <span class='ocrx_word' id='word_1_98' title='bbox 998 1489 1133 1569; x_wconf 75' lang='lat' dir='ltr'>Dignos,</span> <span class='ocrx_word' id='word_1_99' title='bbox 1165 1508 1302 1570; x_wconf 89' lang='lat' dir='ltr'>quorum</span> <span class='ocrx_word' id='word_1_100' title='bbox 1320 1490 1510 1570; x_wconf 87' lang='lat' dir='ltr'>parvitatem</span> <span class='ocrx_word' id='word_1_101' title='bbox 1530 1494 1567 1554; x_wconf 90' lang='lat' dir='ltr'>ut</span> <span class='ocrx_word' id='word_1_102' title='bbox 1588 1509 1705 1555; x_wconf 90' lang='lat' dir='ltr'>nomen</span> <span class='ocrx_word' id='word_1_103' title='bbox 1725 1490 1861 1570; x_wconf 88' lang='lat' dir='ltr'>indicat,</span> <span class='ocrx_word' id='word_1_104' title='bbox 1889 1492 1933 1556; x_wconf 87' lang='lat' dir='ltr'>ita</span> <span class='ocrx_word' id='word_1_105' title='bbox 1961 1512 2015 1557; x_wconf 88' lang='lat' dir='ltr'>ex-</span> 
     </span>
     <span class='ocr_line' id='line_1_11' title="bbox 376 1595 2014 1686; baseline -0.001 -22"><span class='ocrx_word' id='word_1_106' title='bbox 376 1600 490 1684; x_wconf 87' lang='lat' dir='ltr'>pressit</span> <span class='ocrx_word' id='word_1_107' title='bbox 511 1599 644 1681; x_wconf 89' lang='lat' dir='ltr'>pictura.</span> <span class='ocrx_word' id='word_1_108' title='bbox 686 1596 794 1660; x_wconf 90' lang='lat' dir='ltr'>Simile</span> <span class='ocrx_word' id='word_1_109' title='bbox 817 1598 864 1659; x_wconf 89' lang='lat' dir='ltr'>est</span> <span class='ocrx_word' id='word_1_110' title='bbox 887 1596 974 1677; x_wconf 92' lang='lat' dir='ltr'>quod</span> <span class='ocrx_word' id='word_1_111' title='bbox 1005 1615 1025 1659; x_wconf 92' lang='lat' dir='ltr'>a</span> <span class='ocrx_word' id='word_1_112' title='bbox 1047 1595 1219 1660; x_wconf 89' lang='lat' dir='ltr'>Timanthe</span> <span class='ocrx_word' id='word_1_113' title='bbox 1247 1596 1351 1686; x_wconf 79' lang='lat' dir='ltr'>pictps</span> <span class='ocrx_word' id='word_1_114' title='bbox 1372 1601 1441 1660; x_wconf 89' lang='lat' dir='ltr'>erat</span> <span class='ocrx_word' id='word_1_115' title='bbox 1473 1595 1625 1679; x_wconf 79' lang='lat' dir='ltr'>»Cyclops</span> <span class='ocrx_word' id='word_1_116' title='bbox 1644 1597 1804 1661; x_wconf 87' lang='lat' dir='ltr'>dormiens</span> <span class='ocrx_word' id='word_1_117' title='bbox 1826 1598 1858 1661; x_wconf 93' lang='lat' dir='ltr'>in</span> <span class='ocrx_word' id='word_1_118' title='bbox 1882 1600 2014 1680; x_wconf 88' lang='lat' dir='ltr'>parvola</span> 
     </span>
     <span class='ocr_line' id='line_1_12' title="bbox 376 1701 2041 1788; baseline -0.001 -17"><span class='ocrx_word' id='word_1_119' title='bbox 376 1705 510 1783; x_wconf 90' lang='lat' dir='ltr'>tabella,</span> <span class='ocrx_word' id='word_1_120' title='bbox 547 1704 636 1767; x_wconf 92' lang='lat' dir='ltr'>cuius</span> <span class='ocrx_word' id='word_1_121' title='bbox 668 1706 699 1766; x_wconf 93' lang='lat' dir='ltr'>et</span> <span class='ocrx_word' id='word_1_122' title='bbox 727 1702 771 1766; x_wconf 92' lang='lat' dir='ltr'>sic</span> <span class='ocrx_word' id='word_1_123' title='bbox 806 1701 1062 1782; x_wconf 86' lang='lat' dir='ltr'>magnitudinem</span> <span class='ocrx_word' id='word_1_124' title='bbox 1096 1703 1273 1785; x_wconf 85' lang='lat' dir='ltr'>exprimere</span> <span class='ocrx_word' id='word_1_125' title='bbox 1311 1703 1441 1784; x_wconf 89' lang='lat' dir='ltr'>cupiens</span> <span class='ocrx_word' id='word_1_126' title='bbox 1477 1703 1579 1785; x_wconf 86' lang='lat' dir='ltr'>pinxit</span> <span class='ocrx_word' id='word_1_127' title='bbox 1613 1704 1702 1767; x_wconf 85' lang='lat' dir='ltr'>iuxta</span> <span class='ocrx_word' id='word_1_128' title='bbox 1737 1704 1869 1787; x_wconf 88' lang='lat' dir='ltr'>Satyros</span> <span class='ocrx_word' id='word_1_129' title='bbox 1903 1706 2041 1788; x_wconf 82' lang='lat' dir='ltr'>thyrso&#39;</span> 
     </span>
     <span class='ocr_line' id='line_1_13' title="bbox 376 1807 1076 1895; baseline -0.006 -19"><span class='ocrx_word' id='word_1_130' title='bbox 376 1813 523 1895; x_wconf 91' lang='lat' dir='ltr'>pollicem</span> <span class='ocrx_word' id='word_1_131' title='bbox 545 1811 611 1874; x_wconf 89' lang='lat' dir='ltr'>eius</span> <span class='ocrx_word' id='word_1_132' title='bbox 632 1807 807 1873; x_wconf 79' lang='lat' dir='ltr'>metientis»</span> <span class='ocrx_word' id='word_1_133' title='bbox 833 1807 925 1887; x_wconf 79' lang='lat' dir='ltr'>(Plin.</span> <span class='ocrx_word' id='word_1_134' title='bbox 944 1809 993 1883; x_wconf 84' lang='lat'>35,</span> <span class='ocrx_word' id='word_1_135' title='bbox 1015 1807 1076 1889; x_wconf 73' lang='lat'>74).</span> 
     </span>
    </p>

    <p class='ocr_par' dir='ltr' id='par_1_3' title="bbox 341 1913 2015 2324">
     <span class='ocr_line' id='line_1_14' title="bbox 341 1913 2015 2003; baseline 0.004 -23"><span class='ocrx_word' id='word_1_136' title='bbox 341 1963 351 1995; x_wconf 90' lang='lat'>,</span> <span class='ocrx_word' id='word_1_137' title='bbox 481 1914 600 1995; x_wconf 88' lang='lat' dir='ltr'>Quodsi</span> <span class='ocrx_word' id='word_1_138' title='bbox 622 1916 664 1979; x_wconf 90' lang='lat' dir='ltr'>ad</span> <span class='ocrx_word' id='word_1_139' title='bbox 683 1914 865 1980; x_wconf 90' lang='lat' dir='ltr'>Camerium</span> <span class='ocrx_word' id='word_1_140' title='bbox 887 1915 1020 1979; x_wconf 90' lang='lat' dir='ltr'>tandem</span> <span class='ocrx_word' id='word_1_141' title='bbox 1040 1918 1316 1996; x_wconf 88' lang='lat' dir='ltr'>retrospectamus,</span> <span class='ocrx_word' id='word_1_142' title='bbox 1339 1913 1510 1979; x_wconf 85' lang='lat' dir='ltr'>fatebimur</span> <span class='ocrx_word' id='word_1_143' title='bbox 1522 1913 1682 1979; x_wconf 89' lang='lat' dir='ltr'>Catullum</span> <span class='ocrx_word' id='word_1_144' title='bbox 1703 1917 1808 1998; x_wconf 90' lang='lat' dir='ltr'>ipsum</span> <span class='ocrx_word' id='word_1_145' title='bbox 1829 1938 1957 2003; x_wconf 92' lang='lat' dir='ltr'>quoque</span> <span class='ocrx_word' id='word_1_146' title='bbox 1981 1922 2015 1986; x_wconf 91' lang='lat' dir='ltr'>in</span> 
     </span>
     <span class='ocr_line' id='line_1_15' title="bbox 378 2021 2015 2108; baseline 0.002 -18"><span class='ocrx_word' id='word_1_147' title='bbox 378 2024 522 2090; x_wconf 90' lang='lat' dir='ltr'>Camerio</span> <span class='ocrx_word' id='word_1_148' title='bbox 544 2021 734 2086; x_wconf 90' lang='lat' dir='ltr'>celebrando</span> <span class='ocrx_word' id='word_1_149' title='bbox 750 2021 964 2104; x_wconf 86' lang='lat' dir='ltr'>exaggerandi</span> <span class='ocrx_word' id='word_1_150' title='bbox 984 2021 1090 2085; x_wconf 89' lang='lat' dir='ltr'>studio</span> <span class='ocrx_word' id='word_1_151' title='bbox 1108 2040 1142 2085; x_wconf 92' lang='lat' dir='ltr'>se</span> <span class='ocrx_word' id='word_1_152' title='bbox 1158 2021 1331 2096; x_wconf 89' lang='lat' dir='ltr'>dedidisse;</span> <span class='ocrx_word' id='word_1_153' title='bbox 1355 2021 1442 2103; x_wconf 91' lang='lat' dir='ltr'>quod</span> <span class='ocrx_word' id='word_1_154' title='bbox 1460 2021 1545 2084; x_wconf 91' lang='lat' dir='ltr'>enim</span> <span class='ocrx_word' id='word_1_155' title='bbox 1568 2021 1619 2085; x_wconf 79' lang='lat' dir='ltr'>»in</span> <span class='ocrx_word' id='word_1_156' title='bbox 1635 2022 1764 2087; x_wconf 80' lang='lat' dir='ltr'>libellis«</span> <span class='ocrx_word' id='word_1_157' title='bbox 1783 2024 1835 2088; x_wconf 93' lang='lat' dir='ltr'>vel</span> <span class='ocrx_word' id='word_1_158' title='bbox 1852 2028 1939 2108; x_wconf 93' lang='lat' dir='ltr'>quod</span> <span class='ocrx_word' id='word_1_159' title='bbox 1964 2029 2015 2093; x_wconf 81' lang='lat' dir='ltr'>»in</span> 
     </span>
     <span class='ocr_line' id='line_1_16' title="bbox 376 2126 2012 2216; baseline 0.002 -20"><span class='ocrx_word' id='word_1_160' title='bbox 376 2131 472 2196; x_wconf 90' lang='lat' dir='ltr'>roseis</span> <span class='ocrx_word' id='word_1_161' title='bbox 493 2128 636 2212; x_wconf 81' lang='lat' dir='ltr'>papillis«</span> <span class='ocrx_word' id='word_1_162' title='bbox 668 2128 767 2193; x_wconf 92' lang='lat' dir='ltr'>latere</span> <span class='ocrx_word' id='word_1_163' title='bbox 793 2148 868 2192; x_wconf 90' lang='lat' dir='ltr'>eum</span> <span class='ocrx_word' id='word_1_164' title='bbox 889 2127 1000 2204; x_wconf 83' lang='lat' dir='ltr'>refert,</span> <span class='ocrx_word' id='word_1_165' title='bbox 1029 2127 1124 2208; x_wconf 92' lang='lat' dir='ltr'>plane</span> <span class='ocrx_word' id='word_1_166' title='bbox 1144 2127 1177 2191; x_wconf 93' lang='lat' dir='ltr'>id</span> <span class='ocrx_word' id='word_1_167' title='bbox 1198 2127 1297 2191; x_wconf 89' lang='lat' dir='ltr'>risum</span> <span class='ocrx_word' id='word_1_168' title='bbox 1319 2126 1458 2191; x_wconf 86' lang='lat' dir='ltr'>concitat</span> <span class='ocrx_word' id='word_1_169' title='bbox 1479 2132 1511 2191; x_wconf 91' lang='lat' dir='ltr'>et</span> <span class='ocrx_word' id='word_1_170' title='bbox 1529 2127 1638 2192; x_wconf 87' lang='lat' dir='ltr'>Lucilii</span> <span class='ocrx_word' id='word_1_171' title='bbox 1666 2129 1735 2194; x_wconf 88' lang='lat' dir='ltr'>illas</span> <span class='ocrx_word' id='word_1_172' title='bbox 1759 2130 1889 2197; x_wconf 82' lang='lat' dir='ltr'>facetias</span> <span class='ocrx_word' id='word_1_173' title='bbox 1909 2154 2012 2216; x_wconf 88' lang='lat' dir='ltr'>paene</span> 
     </span>
     <span class='ocr_line' id='line_1_17' title="bbox 376 2233 2012 2324; baseline 0.003 -23"><span class='ocrx_word' id='word_1_174' title='bbox 376 2239 545 2319; x_wconf 89' lang='lat' dir='ltr'>adaequat.</span> <span class='ocrx_word' id='word_1_175' title='bbox 588 2235 696 2317; x_wconf 89' lang='lat' dir='ltr'>Atque</span> <span class='ocrx_word' id='word_1_176' title='bbox 714 2235 778 2298; x_wconf 92' lang='lat' dir='ltr'>iam</span> <span class='ocrx_word' id='word_1_177' title='bbox 800 2253 975 2315; x_wconf 88' lang='lat' dir='ltr'>oxymoron</span> <span class='ocrx_word' id='word_1_178' title='bbox 999 2233 1253 2297; x_wconf 79' lang='lat' dir='ltr'>efficacissimum</span> <span class='ocrx_word' id='word_1_179' title='bbox 1272 2237 1304 2298; x_wconf 90' lang='lat' dir='ltr'>et</span> <span class='ocrx_word' id='word_1_180' title='bbox 1325 2233 1368 2297; x_wconf 92' lang='lat' dir='ltr'>ad</span> <span class='ocrx_word' id='word_1_181' title='bbox 1387 2233 1575 2314; x_wconf 88' lang='lat' dir='ltr'>aenigmatis</span> <span class='ocrx_word' id='word_1_182' title='bbox 1596 2234 1663 2298; x_wconf 92' lang='lat' dir='ltr'>vim</span> <span class='ocrx_word' id='word_1_183' title='bbox 1682 2238 1863 2318; x_wconf 86' lang='lat' dir='ltr'>augendam</span> <span class='ocrx_word' id='word_1_184' title='bbox 1886 2242 2012 2324; x_wconf 91' lang='lat' dir='ltr'>aptissi-</span> 
     </span>
    </p>
   </div>
   <div class='ocr_carea' id='block_1_3' title="bbox 374 2338 1464 2499">
    <p class='ocr_par' dir='ltr' id='par_1_4' title="bbox 374 2338 1464 2499">
     <span class='ocr_line' id='line_1_18' title="bbox 374 2338 1360 2422; baseline -0.006 -14"><span class='ocrx_word' id='word_1_185' title='bbox 374 2364 464 2408; x_wconf 90' lang='lat' dir='ltr'>mum</span> <span class='ocrx_word' id='word_1_186' title='bbox 484 2343 516 2407; x_wconf 94' lang='lat' dir='ltr'>in</span> <span class='ocrx_word' id='word_1_187' title='bbox 538 2360 576 2405; x_wconf 90' lang='lat' dir='ltr'>eo</span> <span class='ocrx_word' id='word_1_188' title='bbox 599 2341 817 2422; x_wconf 86' lang='lat' dir='ltr'>agnoscimus,</span> <span class='ocrx_word' id='word_1_189' title='bbox 840 2340 928 2422; x_wconf 92' lang='lat' dir='ltr'>quod</span> <span class='ocrx_word' id='word_1_190' title='bbox 950 2338 1068 2404; x_wconf 86' lang='lat' dir='ltr'>clamat</span> <span class='ocrx_word' id='word_1_191' title='bbox 1089 2338 1231 2404; x_wconf 90' lang='lat' dir='ltr'>Catullus</span> <span class='ocrx_word' id='word_1_192' title='bbox 1252 2359 1281 2403; x_wconf 90' lang='lat' dir='ltr'>v.</span> <span class='ocrx_word' id='word_1_193' title='bbox 1306 2339 1360 2403; x_wconf 87' lang='lat'>13:</span> 
     </span>
     <span class='ocr_line' id='line_1_19' title="bbox 890 2443 1464 2499; baseline -0.005 0"><span class='ocrx_word' id='word_1_194' title='bbox 890 2444 942 2499; x_wconf 82' lang='lat' dir='ltr'>Sed</span> <span class='ocrx_word' id='word_1_195' title='bbox 961 2446 989 2498; x_wconf 86' lang='lat' dir='ltr'>te</span> <span class='ocrx_word' id='word_1_196' title='bbox 1006 2443 1062 2498; x_wconf 84' lang='lat' dir='ltr'>iam</span> <span class='ocrx_word' id='word_1_197' title='bbox 1080 2443 1152 2499; x_wconf 84' lang='lat' dir='ltr'>ferre</span> <span class='ocrx_word' id='word_1_198' title='bbox 1169 2443 1294 2499; x_wconf 83' lang='lat' dir='ltr'>Herculei</span> <span class='ocrx_word' id='word_1_199' title='bbox 1314 2443 1390 2498; x_wconf 77' lang='lat' dir='ltr'>labos</span> <span class='ocrx_word' id='word_1_200' title='bbox 1408 2444 1464 2499; x_wconf 81' lang='lat' dir='ltr'>ast!</span> 
     </span>
    </p>
   </div>
   <div class='ocr_carea' id='block_1_4' title="bbox 372 2535 2013 4306">
    <p class='ocr_par' dir='ltr' id='par_1_5' title="bbox 375 2535 2010 2729">
     <span class='ocr_line' id='line_1_20' title="bbox 375 2535 2010 2626; baseline -0.003 -18"><span class='ocrx_word' id='word_1_201' title='bbox 375 2545 456 2609; x_wconf 80' lang='lat' dir='ltr'>Ecce</span> <span class='ocrx_word' id='word_1_202' title='bbox 484 2543 564 2607; x_wconf 88' lang='lat' dir='ltr'>alter</span> <span class='ocrx_word' id='word_1_203' title='bbox 587 2539 842 2622; x_wconf 91' lang='lat' dir='ltr'>Christophorus.</span> <span class='ocrx_word' id='word_1_204' title='bbox 893 2539 1037 2621; x_wconf 89' lang='lat' dir='ltr'>Denique</span> <span class='ocrx_word' id='word_1_205' title='bbox 1065 2558 1130 2603; x_wconf 90' lang='lat' dir='ltr'>non</span> <span class='ocrx_word' id='word_1_206' title='bbox 1158 2539 1226 2603; x_wconf 90' lang='lat' dir='ltr'>sine</span> <span class='ocrx_word' id='word_1_207' title='bbox 1249 2535 1359 2620; x_wconf 65' lang='lat' dir='ltr'>&#39;lepido</span> <span class='ocrx_word' id='word_1_208' title='bbox 1387 2537 1534 2602; x_wconf 88' lang='lat' dir='ltr'>acumine</span> <span class='ocrx_word' id='word_1_209' title='bbox 1561 2539 1716 2620; x_wconf 88' lang='lat' dir='ltr'>parvulus</span> <span class='ocrx_word' id='word_1_210' title='bbox 1736 2540 1789 2605; x_wconf 93' lang='lat' dir='ltr'>hic</span> <span class='ocrx_word' id='word_1_211' title='bbox 1809 2542 1842 2605; x_wconf 91' lang='lat' dir='ltr'>in</span> <span class='ocrx_word' id='word_1_212' title='bbox 1867 2543 2010 2626; x_wconf 80' lang='lat' dir='ltr'>›Magni‹</span> 
     </span>
     <span class='ocr_line' id='line_1_21' title="bbox 375 2646 967 2729; baseline -0.008 -15"><span class='ocrx_word' id='word_1_213' title='bbox 375 2649 592 2714; x_wconf 85' lang='lat' dir='ltr'>ambulatione</span> <span class='ocrx_word' id='word_1_214' title='bbox 614 2647 724 2729; x_wconf 91' lang='lat' dir='ltr'>quaeri</span> <span class='ocrx_word' id='word_1_215' title='bbox 746 2646 861 2711; x_wconf 90' lang='lat' dir='ltr'>dicitur</span> <span class='ocrx_word' id='word_1_216' title='bbox 884 2666 913 2710; x_wconf 90' lang='lat' dir='ltr'>v.</span> <span class='ocrx_word' id='word_1_217' title='bbox 938 2647 967 2710; x_wconf 88' lang='lat'>6.</span> 
     </span>
    </p>

    <p class='ocr_par' dir='ltr' id='par_1_6' title="bbox 374 2749 2013 3154">
     <span class='ocr_line' id='line_1_22' title="bbox 476 2749 2012 2838; baseline 0.001 -19"><span class='ocrx_word' id='word_1_218' title='bbox 476 2755 559 2834; x_wconf 88' lang='lat' dir='ltr'>Quid</span> <span class='ocrx_word' id='word_1_219' title='bbox 580 2773 656 2817; x_wconf 88' lang='lat' dir='ltr'>vero</span> <span class='ocrx_word' id='word_1_220' title='bbox 679 2752 718 2815; x_wconf 88' lang='lat' dir='ltr'>de</span> <span class='ocrx_word' id='word_1_221' title='bbox 740 2753 810 2834; x_wconf 88' lang='lat' dir='ltr'>ipsa</span> <span class='ocrx_word' id='word_1_222' title='bbox 835 2752 931 2816; x_wconf 89' lang='lat' dir='ltr'>totius</span> <span class='ocrx_word' id='word_1_223' title='bbox 953 2751 1103 2816; x_wconf 88' lang='lat' dir='ltr'>carminis</span> <span class='ocrx_word' id='word_1_224' title='bbox 1124 2749 1295 2815; x_wconf 87' lang='lat' dir='ltr'>Catulliani</span> <span class='ocrx_word' id='word_1_225' title='bbox 1323 2749 1504 2815; x_wconf 85' lang='lat' dir='ltr'>inventione</span> <span class='ocrx_word' id='word_1_226' title='bbox 1524 2750 1747 2817; x_wconf 81' lang='lat' dir='ltr'>censebimus?</span> <span class='ocrx_word' id='word_1_227' title='bbox 1776 2772 1860 2835; x_wconf 89' lang='lat' dir='ltr'>quae</span> <span class='ocrx_word' id='word_1_228' title='bbox 1882 2756 2012 2838; x_wconf 92' lang='lat' dir='ltr'>quidem</span> 
     </span>
     <span class='ocr_line' id='line_1_23' title="bbox 374 2857 2010 2944; baseline 0.002 -18"><span class='ocrx_word' id='word_1_229' title='bbox 374 2864 418 2927; x_wconf 88' lang='lat' dir='ltr'>sic</span> <span class='ocrx_word' id='word_1_230' title='bbox 440 2864 696 2926; x_wconf 87' lang='lat' dir='ltr'>consummatur:</span> <span class='ocrx_word' id='word_1_231' title='bbox 727 2857 882 2922; x_wconf 90' lang='lat' dir='ltr'>Puemlus</span> <span class='ocrx_word' id='word_1_232' title='bbox 902 2857 1054 2938; x_wconf 83' lang='lat' dir='ltr'>fugitivus</span> <span class='ocrx_word' id='word_1_233' title='bbox 1074 2861 1137 2933; x_wconf 89' lang='lat' dir='ltr'>est;</span> <span class='ocrx_word' id='word_1_234' title='bbox 1169 2857 1286 2921; x_wconf 84' lang='lat' dir='ltr'>trustra</span> <span class='ocrx_word' id='word_1_235' title='bbox 1315 2876 1336 2921; x_wconf 90' lang='lat' dir='ltr'>a</span> <span class='ocrx_word' id='word_1_236' title='bbox 1366 2857 1496 2921; x_wconf 89' lang='lat' dir='ltr'>domino</span> <span class='ocrx_word' id='word_1_237' title='bbox 1526 2876 1584 2922; x_wconf 91' lang='lat' dir='ltr'>suo</span> <span class='ocrx_word' id='word_1_238' title='bbox 1606 2858 1672 2922; x_wconf 89' lang='lat' dir='ltr'>sive</span> <span class='ocrx_word' id='word_1_239' title='bbox 1692 2859 1793 2924; x_wconf 90' lang='lat' dir='ltr'>altore</span> <span class='ocrx_word' id='word_1_240' title='bbox 1823 2862 2010 2944; x_wconf 86' lang='lat' dir='ltr'>anquiritur.</span> 
     </span>
     <span class='ocr_line' id='line_1_24' title="bbox 374 2960 2013 3047; baseline 0.002 -14"><span class='ocrx_word' id='word_1_241' title='bbox 374 2969 495 3033; x_wconf 89' lang='lat' dir='ltr'>Similia</span> <span class='ocrx_word' id='word_1_242' title='bbox 518 2965 812 3047; x_wconf 87' lang='lat' dir='ltr'>circumspiciamus</span> <span class='ocrx_word' id='word_1_243' title='bbox 842 2963 914 3043; x_wconf 89' lang='lat' dir='ltr'>(nec</span> <span class='ocrx_word' id='word_1_244' title='bbox 944 2964 1061 3028; x_wconf 86' lang='lat' dir='ltr'>frustra</span> <span class='ocrx_word' id='word_1_245' title='bbox 1089 2982 1129 3027; x_wconf 91' lang='lat' dir='ltr'>ea</span> <span class='ocrx_word' id='word_1_246' title='bbox 1156 2961 1298 3045; x_wconf 89' lang='lat' dir='ltr'>quidem)</span> <span class='ocrx_word' id='word_1_247' title='bbox 1328 2960 1555 3045; x_wconf 87' lang='lat' dir='ltr'>Cameriusque</span> <span class='ocrx_word' id='word_1_248' title='bbox 1581 2965 1652 3046; x_wconf 88' lang='lat' dir='ltr'>quis</span> <span class='ocrx_word' id='word_1_249' title='bbox 1680 2966 1789 3044; x_wconf 85' lang='lat' dir='ltr'>fuerit,</span> <span class='ocrx_word' id='word_1_250' title='bbox 1822 2968 1918 3033; x_wconf 90' lang='lat' dir='ltr'>etiam</span> <span class='ocrx_word' id='word_1_251' title='bbox 1940 2971 2013 3037; x_wconf 89' lang='lat' dir='ltr'>inde</span> 
     </span>
     <span class='ocr_line' id='line_1_25' title="bbox 375 3067 1640 3154; baseline -0.004 -13"><span class='ocrx_word' id='word_1_252' title='bbox 375 3076 568 3141; x_wconf 90' lang='lat' dir='ltr'>docebimur.</span> <span class='ocrx_word' id='word_1_253' title='bbox 611 3073 650 3136; x_wconf 85' lang='lat' dir='ltr'>Et</span> <span class='ocrx_word' id='word_1_254' title='bbox 673 3072 813 3154; x_wconf 93' lang='lat' dir='ltr'>primum</span> <span class='ocrx_word' id='word_1_255' title='bbox 835 3072 964 3153; x_wconf 88' lang='lat' dir='ltr'>quidem</span> <span class='ocrx_word' id='word_1_256' title='bbox 985 3071 1121 3135; x_wconf 89' lang='lat' dir='ltr'>Lucilius</span> <span class='ocrx_word' id='word_1_257' title='bbox 1143 3069 1239 3146; x_wconf 91' lang='lat' dir='ltr'>haec,</span> <span class='ocrx_word' id='word_1_258' title='bbox 1270 3067 1390 3133; x_wconf 87' lang='lat' dir='ltr'>anthol.</span> <span class='ocrx_word' id='word_1_259' title='bbox 1412 3067 1480 3132; x_wconf 89' lang='lat' dir='ltr'>Pal.</span> <span class='ocrx_word' id='word_1_260' title='bbox 1503 3069 1640 3135; x_wconf 82' lang='lat' dir='ltr'>x1105:</span> 
     </span>
    </p>

    <p class='ocr_par' dir='ltr' id='par_1_7' title="bbox 373 3177 1723 3456">
     <span class='ocr_line' id='line_1_26' title="bbox 791 3177 1529 3258; baseline -0.004 -19"><span class='ocrx_word' id='word_1_261' title='bbox 791 3182 845 3239; x_wconf 80' lang='grc' dir='ltr'>Τὸν</span> <span class='ocrx_word' id='word_1_262' title='bbox 861 3185 954 3258; x_wconf 82' lang='grc' dir='ltr'><em>μέγαν</em></span> <span class='ocrx_word' id='word_1_263' title='bbox 973 3182 1086 3256; x_wconf 79' lang='grc' dir='ltr'><em>ἐζήτουν</em></span> <span class='ocrx_word' id='word_1_264' title='bbox 1103 3179 1261 3257; x_wconf 66' lang='grc' dir='ltr'><em>Εὸμὴκιον·</em></span> <span class='ocrx_word' id='word_1_265' title='bbox 1280 3178 1311 3244; x_wconf 71' lang='grc' dir='ltr'>ὃς</span> <span class='ocrx_word' id='word_1_266' title='bbox 1327 3177 1355 3236; x_wconf 76' lang='grc' dir='ltr'>δ’</span> <span class='ocrx_word' id='word_1_267' title='bbox 1373 3179 1529 3237; x_wconf 65' lang='grc' dir='ltr'><em>ἐκάθευδεν</em></span> 
     </span>
     <span class='ocr_line' id='line_1_27' title="bbox 853 3272 1496 3353; baseline -0.002 -21"><span class='ocrx_word' id='word_1_268' title='bbox 853 3278 945 3353; x_wconf 75' lang='grc' dir='ltr'><em>μικρῷ</em></span> <span class='ocrx_word' id='word_1_269' title='bbox 963 3272 1009 3332; x_wconf 69' lang='grc' dir='ltr'>ὑπ’</span> <span class='ocrx_word' id='word_1_270' title='bbox 1027 3274 1152 3350; x_wconf 75' lang='grc' dir='ltr'>ὀξυβάφῳ</span> <span class='ocrx_word' id='word_1_271' title='bbox 1170 3272 1219 3337; x_wconf 81' lang='grc' dir='ltr'>τὰς</span> <span class='ocrx_word' id='word_1_272' title='bbox 1233 3276 1318 3351; x_wconf 82' lang='grc' dir='ltr'><em>χέρας</em></span> <span class='ocrx_word' id='word_1_273' title='bbox 1337 3273 1496 3337; x_wconf 68' lang='grc' dir='ltr'><em>ἐκτανύσας.</em></span> 
     </span>
     <span class='ocr_line' id='line_1_28' title="bbox 373 3371 1723 3456; baseline -0.003 -15"><span class='ocrx_word' id='word_1_274' title='bbox 373 3378 578 3441; x_wconf 88' lang='lat' dir='ltr'>Desideratur</span> <span class='ocrx_word' id='word_1_275' title='bbox 599 3377 754 3451; x_wconf 87' lang='lat' dir='ltr'>minutus;</span> <span class='ocrx_word' id='word_1_276' title='bbox 778 3375 971 3456; x_wconf 81' lang='lat' dir='ltr'>anquiritur3</span> <span class='ocrx_word' id='word_1_277' title='bbox 992 3372 1052 3437; x_wconf 90' lang='lat' dir='ltr'>sub</span> <span class='ocrx_word' id='word_1_278' title='bbox 1073 3373 1241 3437; x_wconf 89' lang='lat' dir='ltr'>acetabulo</span> <span class='ocrx_word' id='word_1_279' title='bbox 1264 3373 1395 3437; x_wconf 85' lang='lat' dir='ltr'>tandem</span> <span class='ocrx_word' id='word_1_280' title='bbox 1416 3373 1623 3455; x_wconf 87' lang='lat' dir='ltr'>investigatur</span> <span class='ocrx_word' id='word_1_281' title='bbox 1636 3371 1669 3453; x_wconf 84' lang='grc'>1).</span> <span class='ocrx_word' id='word_1_282' title='bbox 1719 3381 1723 3386; x_wconf 85' lang='grc'><em>“</em></span> 
     </span>
    </p>

    <p class='ocr_par' dir='ltr' id='par_1_8' title="bbox 372 3479 2011 4306">
     <span class='ocr_line' id='line_1_29' title="bbox 474 3479 2010 3564; baseline 0.001 -18"><span class='ocrx_word' id='word_1_283' title='bbox 474 3483 584 3564; x_wconf 88' lang='lat' dir='ltr'>Neque</span> <span class='ocrx_word' id='word_1_284' title='bbox 614 3502 690 3547; x_wconf 93' lang='lat' dir='ltr'>vero</span> <span class='ocrx_word' id='word_1_285' title='bbox 719 3502 769 3546; x_wconf 89' lang='lat' dir='ltr'>res</span> <span class='ocrx_word' id='word_1_286' title='bbox 798 3482 958 3545; x_wconf 88' lang='lat' dir='ltr'>humanas</span> <span class='ocrx_word' id='word_1_287' title='bbox 981 3479 1199 3559; x_wconf 89' lang='lat' dir='ltr'>derelinquere</span> <span class='ocrx_word' id='word_1_288' title='bbox 1227 3479 1435 3557; x_wconf 89' lang='lat' dir='ltr'>haesitemus,</span> <span class='ocrx_word' id='word_1_289' title='bbox 1466 3499 1570 3561; x_wconf 90' lang='lat' dir='ltr'>neque</span> <span class='ocrx_word' id='word_1_290' title='bbox 1597 3480 1839 3547; x_wconf 80' lang='lat' dir='ltr'>reformidemus</span> <span class='ocrx_word' id='word_1_291' title='bbox 1867 3483 2010 3547; x_wconf 90' lang='lat' dir='ltr'>volatum</span> 
     </span>
     <span class='ocr_line' id='line_1_30' title="bbox 374 3584 2011 3671; baseline 0.002 -20"><span class='ocrx_word' id='word_1_292' title='bbox 374 3588 534 3663; x_wconf 90' lang='lat' dir='ltr'>altiorem;</span> <span class='ocrx_word' id='word_1_293' title='bbox 566 3589 630 3652; x_wconf 90' lang='lat' dir='ltr'>iam</span> <span class='ocrx_word' id='word_1_294' title='bbox 661 3588 745 3651; x_wconf 90' lang='lat' dir='ltr'>enim</span> <span class='ocrx_word' id='word_1_295' title='bbox 772 3587 814 3650; x_wconf 89' lang='lat' dir='ltr'>ad</span> <span class='ocrx_word' id='word_1_296' title='bbox 835 3586 987 3650; x_wconf 86' lang='lat' dir='ltr'>Amorem</span> <span class='ocrx_word' id='word_1_297' title='bbox 1012 3584 1183 3648; x_wconf 83' lang='lat' dir='ltr'>deferimur</span> <span class='ocrx_word' id='word_1_298' title='bbox 1212 3585 1423 3667; x_wconf 86' lang='lat' dir='ltr'>pennigerum</span> <span class='ocrx_word' id='word_1_299' title='bbox 1451 3586 1556 3650; x_wconf 88' lang='lat' dir='ltr'>deum.</span> <span class='ocrx_word' id='word_1_300' title='bbox 1606 3586 1715 3651; x_wconf 87' lang='lat' dir='ltr'>Matris</span> <span class='ocrx_word' id='word_1_301' title='bbox 1735 3588 1820 3652; x_wconf 90' lang='lat' dir='ltr'>enim</span> <span class='ocrx_word' id='word_1_302' title='bbox 1842 3608 1926 3671; x_wconf 91' lang='lat' dir='ltr'>quae</span> <span class='ocrx_word' id='word_1_303' title='bbox 1946 3590 2011 3653; x_wconf 83' lang='lat' dir='ltr'>filio</span> 
     </span>
     <span class='ocr_line' id='line_1_31' title="bbox 373 3690 2009 3778; baseline 0.002 -21"><span class='ocrx_word' id='word_1_304' title='bbox 373 3695 507 3778; x_wconf 88' lang='lat' dir='ltr'>parvulo</span> <span class='ocrx_word' id='word_1_305' title='bbox 528 3714 587 3777; x_wconf 88' lang='lat' dir='ltr'>pro</span> <span class='ocrx_word' id='word_1_306' title='bbox 610 3698 745 3772; x_wconf 77' lang='lat' dir='ltr'>naryrr&#39;p</span> <span class='ocrx_word' id='word_1_307' title='bbox 766 3712 862 3774; x_wconf 89' lang='lat' dir='ltr'>saepe</span> <span class='ocrx_word' id='word_1_308' title='bbox 888 3696 1013 3769; x_wconf 88' lang='lat' dir='ltr'>utatur,</span> <span class='ocrx_word' id='word_1_309' title='bbox 1043 3690 1204 3772; x_wconf 87' lang='lat' dir='ltr'>egregium</span> <span class='ocrx_word' id='word_1_310' title='bbox 1231 3694 1328 3772; x_wconf 91' lang='lat' dir='ltr'>atque</span> <span class='ocrx_word' id='word_1_311' title='bbox 1355 3691 1499 3755; x_wconf 89' lang='lat' dir='ltr'>divinum</span> <span class='ocrx_word' id='word_1_312' title='bbox 1526 3692 1707 3774; x_wconf 88' lang='lat' dir='ltr'>exemplum</span> <span class='ocrx_word' id='word_1_313' title='bbox 1731 3694 1886 3759; x_wconf 87' lang='lat' dir='ltr'>Venerem</span> <span class='ocrx_word' id='word_1_314' title='bbox 1907 3696 2009 3778; x_wconf 90' lang='lat' dir='ltr'>ipsam</span> 
     </span>
     <span class='ocr_line' id='line_1_32' title="bbox 373 3796 2010 3884; baseline 0.001 -19"><span class='ocrx_word' id='word_1_315' title='bbox 373 3822 446 3866; x_wconf 89' lang='lat' dir='ltr'>cum</span> <span class='ocrx_word' id='word_1_316' title='bbox 468 3802 623 3884; x_wconf 90' lang='lat' dir='ltr'>Cupidine</span> <span class='ocrx_word' id='word_1_317' title='bbox 643 3801 736 3864; x_wconf 91' lang='lat' dir='ltr'>nobis</span> <span class='ocrx_word' id='word_1_318' title='bbox 756 3799 921 3881; x_wconf 88' lang='lat' dir='ltr'>proposuit</span> <span class='ocrx_word' id='word_1_319' title='bbox 941 3797 1124 3879; x_wconf 90' lang='lat' dir='ltr'>antiquitas.</span> <span class='ocrx_word' id='word_1_320' title='bbox 1168 3796 1227 3861; x_wconf 86' lang='lat' dir='ltr'>llic</span> <span class='ocrx_word' id='word_1_321' title='bbox 1242 3796 1366 3880; x_wconf 87' lang='lat' dir='ltr'>Cupido</span> <span class='ocrx_word' id='word_1_322' title='bbox 1387 3818 1451 3881; x_wconf 91' lang='lat' dir='ltr'>quo</span> <span class='ocrx_word' id='word_1_323' title='bbox 1466 3798 1617 3863; x_wconf 88' lang='lat' dir='ltr'>minutior·</span> <span class='ocrx_word' id='word_1_324' title='bbox 1635 3797 1825 3882; x_wconf 87' lang='lat' dir='ltr'>lingebatur,</span> <span class='ocrx_word' id='word_1_325' title='bbox 1847 3821 1886 3867; x_wconf 94' lang='lat' dir='ltr'>eo</span> <span class='ocrx_word' id='word_1_326' title='bbox 1907 3803 2010 3883; x_wconf 88' lang='lat' dir='ltr'>magis</span> 
     </span>
     <span class='ocr_line' id='line_1_33' title="bbox 373 3904 2008 3990; baseline 0 -18"><span class='ocrx_word' id='word_1_327' title='bbox 373 3909 415 3972; x_wconf 90' lang='lat' dir='ltr'>ad</span> <span class='ocrx_word' id='word_1_328' title='bbox 437 3929 504 3972; x_wconf 91' lang='lat' dir='ltr'>rem</span> <span class='ocrx_word' id='word_1_329' title='bbox 524 3908 600 3971; x_wconf 83' lang='lat' dir='ltr'>facit</span> <span class='ocrx_word' id='word_1_330' title='bbox 627 3927 725 3990; x_wconf 87' lang='lat' dir='ltr'>quam</span> <span class='ocrx_word' id='word_1_331' title='bbox 746 3910 932 3970; x_wconf 90' lang='lat' dir='ltr'>tractamus.</span> <span class='ocrx_word' id='word_1_332' title='bbox 975 3905 1110 3986; x_wconf 87' lang='lat' dir='ltr'>Quoque</span> <span class='ocrx_word' id='word_1_333' title='bbox 1139 3904 1293 3969; x_wconf 90' lang='lat' dir='ltr'>maiorem</span> <span class='ocrx_word' id='word_1_334' title='bbox 1315 3905 1471 3969; x_wconf 88' lang='lat' dir='ltr'>Am0mm</span> <span class='ocrx_word' id='word_1_335' title='bbox 1500 3908 1663 3970; x_wconf 89' lang='lat' dir='ltr'>catervam</span> <span class='ocrx_word' id='word_1_336' title='bbox 1684 3926 1737 3970; x_wconf 83' lang='lat' dir='ltr'>ars</span> <span class='ocrx_word' id='word_1_337' title='bbox 1767 3906 1940 3984; x_wconf 82' lang='lat' dir='ltr'>formabat,</span> <span class='ocrx_word' id='word_1_338' title='bbox 1970 3928 2008 3972; x_wconf 87' lang='lat' dir='ltr'>eo</span> 
     </span>
     <span class='ocr_line' id='line_1_34' title="bbox 372 4010 2008 4096; baseline 0 -17"><span class='ocrx_word' id='word_1_339' title='bbox 372 4016 474 4096; x_wconf 86' lang='lat' dir='ltr'>magis</span> <span class='ocrx_word' id='word_1_340' title='bbox 489 4014 583 4078; x_wconf 89' lang='lat' dir='ltr'>etiam</span> <span class='ocrx_word' id='word_1_341' title='bbox 606 4014 637 4076; x_wconf 93' lang='lat' dir='ltr'>in</span> <span class='ocrx_word' id='word_1_342' title='bbox 659 4013 826 4078; x_wconf 90' lang='lat' dir='ltr'>hominum</span> <span class='ocrx_word' id='word_1_343' title='bbox 849 4012 915 4075; x_wconf 89' lang='lat' dir='ltr'>vita</span> <span class='ocrx_word' id='word_1_344' title='bbox 936 4029 1034 4093; x_wconf 87' lang='lat' dir='ltr'>quarn</span> <span class='ocrx_word' id='word_1_345' title='bbox 1049 4010 1112 4074; x_wconf 91' lang='lat' dir='ltr'>late</span> <span class='ocrx_word' id='word_1_346' title='bbox 1133 4010 1249 4074; x_wconf 88' lang='lat' dir='ltr'>harum</span> <span class='ocrx_word' id='word_1_347' title='bbox 1272 4030 1378 4075; x_wconf 91' lang='lat' dir='ltr'>rerum</span> <span class='ocrx_word' id='word_1_348' title='bbox 1399 4030 1476 4075; x_wconf 91' lang='lat' dir='ltr'>cura</span> <span class='ocrx_word' id='word_1_349' title='bbox 1497 4011 1633 4076; x_wconf 88' lang='lat' dir='ltr'>delicata</span> <span class='ocrx_word' id='word_1_350' title='bbox 1648 4013 1795 4094; x_wconf 90' lang='lat' dir='ltr'>patuerit,</span> <span class='ocrx_word' id='word_1_351' title='bbox 1818 4013 2008 4079; x_wconf 89' lang='lat' dir='ltr'>declaratur.</span> 
     </span>
     <span class='ocr_line' id='line_1_35' title="bbox 372 4115 2011 4201; baseline 0.001 -17"><span class='ocrx_word' id='word_1_352' title='bbox 372 4123 440 4186; x_wconf 88' lang='lat' dir='ltr'>lam</span> <span class='ocrx_word' id='word_1_353' title='bbox 469 4119 626 4183; x_wconf 91' lang='lat' dir='ltr'>hocloco</span> <span class='ocrx_word' id='word_1_354' title='bbox 654 4119 704 4182; x_wconf 93' lang='lat' dir='ltr'>cui</span> <span class='ocrx_word' id='word_1_355' title='bbox 733 4137 798 4182; x_wconf 92' lang='lat' dir='ltr'>non</span> <span class='ocrx_word' id='word_1_356' title='bbox 827 4118 859 4181; x_wconf 94' lang='lat' dir='ltr'>in</span> <span class='ocrx_word' id='word_1_357' title='bbox 888 4120 1030 4181; x_wconf 91' lang='lat' dir='ltr'>mentem</span> <span class='ocrx_word' id='word_1_358' title='bbox 1058 4116 1175 4180; x_wconf 90' lang='lat' dir='ltr'>incidet</span> <span class='ocrx_word' id='word_1_359' title='bbox 1202 4115 1253 4180; x_wconf 93' lang='lat' dir='ltr'>ille</span> <span class='ocrx_word' id='word_1_360' title='bbox 1286 4117 1404 4180; x_wconf 81' lang='lat' dir='ltr'>»Amor</span> <span class='ocrx_word' id='word_1_361' title='bbox 1432 4117 1598 4198; x_wconf 82' lang='lat' dir='ltr'>fugitivus«</span> <span class='ocrx_word' id='word_1_362' title='bbox 1629 4138 1726 4201; x_wconf 90' lang='lat' dir='ltr'>quem</span> <span class='ocrx_word' id='word_1_363' title='bbox 1750 4119 1838 4185; x_wconf 90' lang='lat' dir='ltr'>claro</span> <span class='ocrx_word' id='word_1_364' title='bbox 1869 4121 2011 4186; x_wconf 87' lang='lat' dir='ltr'>carmine</span> 
     </span>
     <span class='ocr_line' id='line_1_36' title="bbox 372 4221 1336 4306; baseline -0.006 -14"><span class='ocrx_word' id='word_1_365' title='bbox 372 4226 521 4292; x_wconf 88' lang='lat' dir='ltr'>Moschus</span> <span class='ocrx_word' id='word_1_366' title='bbox 542 4225 732 4290; x_wconf 82' lang='lat' dir='ltr'>celebravit?</span> <span class='ocrx_word' id='word_1_367' title='bbox 762 4224 870 4306; x_wconf 88' lang='lat' dir='ltr'>incipit</span> <span class='ocrx_word' id='word_1_368' title='bbox 892 4227 1000 4288; x_wconf 88' lang='lat' dir='ltr'>autem</span> <span class='ocrx_word' id='word_1_369' title='bbox 1024 4221 1110 4286; x_wconf 91' lang='lat' dir='ltr'>hunc</span> <span class='ocrx_word' id='word_1_370' title='bbox 1132 4222 1164 4286; x_wconf 95' lang='lat' dir='ltr'>in</span> <span class='ocrx_word' id='word_1_371' title='bbox 1185 4223 1336 4288; x_wconf 89' lang='lat' dir='ltr'>modmn:</span> 
     </span>
    </p>
   </div>
   <div class='ocr_carea' id='block_1_5' title="bbox 800 4337 1578 4505">
    <p class='ocr_par' dir='ltr' id='par_1_9' title="bbox 800 4337 1578 4505">
     <span class='ocr_line' id='line_1_37' title="bbox 800 4337 1565 4419; baseline -0.005 -19"><span class='ocrx_word' id='word_1_372' title='bbox 800 4340 822 4400; x_wconf 75' lang='lat' dir='ltr'>h</span> <span class='ocrx_word' id='word_1_373' title='bbox 841 4347 951 4419; x_wconf 70' lang='grc' dir='ltr'><strong><em>Κύπρις</em></strong></span> <span class='ocrx_word' id='word_1_374' title='bbox 968 4341 1017 4398; x_wconf 80' lang='grc' dir='ltr'>τὸν</span> <span class='ocrx_word' id='word_1_375' title='bbox 1029 4341 1136 4416; x_wconf 78' lang='grc' dir='ltr'><em>Ἔρωτα</em></span> <span class='ocrx_word' id='word_1_376' title='bbox 1155 4339 1203 4396; x_wconf 79' lang='grc' dir='ltr'>τὸν</span> <span class='ocrx_word' id='word_1_377' title='bbox 1221 4342 1281 4397; x_wconf 79' lang='lat' dir='ltr'>ota&#39;o</span> <span class='ocrx_word' id='word_1_378' title='bbox 1297 4337 1408 4416; x_wconf 74' lang='grc' dir='ltr'><em>μακρὸν</em></span> <span class='ocrx_word' id='word_1_379' title='bbox 1426 4339 1565 4416; x_wconf 71' lang='grc' dir='ltr'><strong><em>ἕβώσιρει·</em></strong></span> 
     </span>
     <span class='ocr_line' id='line_1_38' title="bbox 802 4425 1578 4505; baseline -0.005 -19"><span class='ocrx_word' id='word_1_380' title='bbox 802 4432 842 4486; x_wconf 78' lang='lat' dir='ltr'>E&#39;r&#39;</span> <span class='ocrx_word' id='word_1_381' title='bbox 858 4450 900 4492; x_wconf 83' lang='grc' dir='ltr'>τις</span> <span class='ocrx_word' id='word_1_382' title='bbox 918 4429 961 4485; x_wconf 81' lang='grc' dir='ltr'>ἐνὶ</span> <span class='ocrx_word' id='word_1_383' title='bbox 973 4428 1106 4505; x_wconf 75' lang='grc' dir='ltr'><em>τριόδοισι</em></span> <span class='ocrx_word' id='word_1_384' title='bbox 1124 4426 1305 4502; x_wconf 78' lang='grc' dir='ltr'><em>πλανώμενον</em></span> <span class='ocrx_word' id='word_1_385' title='bbox 1320 4425 1393 4483; x_wconf 78' lang='grc' dir='ltr'><em>εἶδεν</em></span> <span class='ocrx_word' id='word_1_386' title='bbox 1401 4425 1508 4502; x_wconf 80' lang='grc' dir='ltr'><strong><em>Ἔρωτα</em></strong></span> <span class='ocrx_word' id='word_1_387' title='bbox 1521 4431 1578 4482; x_wconf 80' lang='grc' dir='ltr'><strong><em>κτλ.</em></strong></span> 
     </span>
    </p>
   </div>
   <div class='ocr_carea' id='block_1_6' title="bbox 371 4539 2008 4739">
    <p class='ocr_par' dir='ltr' id='par_1_10' title="bbox 371 4539 2008 4739">
     <span class='ocr_line' id='line_1_39' title="bbox 371 4539 2008 4631; baseline -0.002 -20"><span class='ocrx_word' id='word_1_388' title='bbox 371 4550 513 4631; x_wconf 89' lang='lat' dir='ltr'>Vagatur</span> <span class='ocrx_word' id='word_1_389' title='bbox 532 4549 633 4613; x_wconf 89' lang='lat' dir='ltr'>Amor</span> <span class='ocrx_word' id='word_1_390' title='bbox 652 4545 702 4607; x_wconf 78' lang='grc' dir='ltr'>ἐνὶ</span> <span class='ocrx_word' id='word_1_391' title='bbox 719 4541 874 4624; x_wconf 68' lang='lat' dir='ltr'>spadicam</span> <span class='ocrx_word' id='word_1_392' title='bbox 895 4543 981 4607; x_wconf 93' lang='lat' dir='ltr'>velut</span> <span class='ocrx_word' id='word_1_393' title='bbox 1001 4561 1059 4625; x_wconf 90' lang='lat' dir='ltr'>per</span> <span class='ocrx_word' id='word_1_394' title='bbox 1075 4541 1198 4625; x_wconf 88' lang='lat' dir='ltr'>plateas</span> <span class='ocrx_word' id='word_1_395' title='bbox 1213 4540 1387 4605; x_wconf 89' lang='lat' dir='ltr'>Camerius.</span> <span class='ocrx_word' id='word_1_396' title='bbox 1429 4540 1469 4605; x_wconf 85' lang='lat' dir='ltr'>Et</span> <span class='ocrx_word' id='word_1_397' title='bbox 1488 4539 1629 4605; x_wconf 89' lang='lat' dir='ltr'>invenire</span> <span class='ocrx_word' id='word_1_398' title='bbox 1655 4540 1824 4624; x_wconf 84' lang='lat' dir='ltr'>perfugum</span> <span class='ocrx_word' id='word_1_399' title='bbox 1848 4546 1885 4607; x_wconf 91' lang='lat' dir='ltr'>ut</span> <span class='ocrx_word' id='word_1_400' title='bbox 1902 4542 2008 4607; x_wconf 90' lang='lat' dir='ltr'>Venus</span> 
     </span>
     <span class='ocr_line' id='line_1_40' title="bbox 372 4650 950 4739; baseline -0.01 -19"><span class='ocrx_word' id='word_1_401' title='bbox 372 4656 534 4739; x_wconf 83' lang='lat' dir='ltr'>desperat,</span> <span class='ocrx_word' id='word_1_402' title='bbox 563 4655 608 4719; x_wconf 89' lang='lat' dir='ltr'>ita</span> <span class='ocrx_word' id='word_1_403' title='bbox 631 4654 779 4734; x_wconf 90' lang='lat' dir='ltr'>desperat</span> <span class='ocrx_word' id='word_1_404' title='bbox 799 4650 950 4715; x_wconf 91' lang='lat' dir='ltr'>Catullus.</span> 
     </span>
    </p>
   </div>
   <div class='ocr_carea' id='block_1_7' title="bbox 371 4888 2008 5053">
    <p class='ocr_par' dir='ltr' id='par_1_11' title="bbox 371 4888 2008 5053">
     <span class='ocr_line' id='line_1_41' title="bbox 468 4888 2008 4968; baseline -0.003 -16"><span class='ocrx_word' id='word_1_405' title='bbox 468 4899 491 4968; x_wconf 81' lang='lat'>1)</span> <span class='ocrx_word' id='word_1_406' title='bbox 510 4899 580 4954; x_wconf 90' lang='lat' dir='ltr'>Nolo</span> <span class='ocrx_word' id='word_1_407' title='bbox 598 4901 688 4952; x_wconf 80' lang='lat' dir='ltr'>tacere</span> <span class='ocrx_word' id='word_1_408' title='bbox 706 4895 790 4951; x_wconf 81' lang='lat' dir='ltr'>etiam</span> <span class='ocrx_word' id='word_1_409' title='bbox 810 4894 882 4949; x_wconf 81' lang='lat' dir='ltr'>inter</span> <span class='ocrx_word' id='word_1_410' title='bbox 899 4892 1058 4964; x_wconf 80' lang='lat' dir='ltr'>anaglypha</span> <span class='ocrx_word' id='word_1_411' title='bbox 1074 4890 1149 4947; x_wconf 87' lang='lat' dir='ltr'>urbis</span> <span class='ocrx_word' id='word_1_412' title='bbox 1165 4891 1268 4946; x_wconf 83' lang='lat' dir='ltr'>Romae</span> <span class='ocrx_word' id='word_1_413' title='bbox 1290 4890 1476 4960; x_wconf 77' lang='lat' dir='ltr'>fragmentum</span> <span class='ocrx_word' id='word_1_414' title='bbox 1492 4906 1548 4945; x_wconf 66' lang='lat' dir='ltr'>emo</span> <span class='ocrx_word' id='word_1_415' title='bbox 1559 4889 1607 4944; x_wconf 89' lang='lat' dir='ltr'>ubi</span> <span class='ocrx_word' id='word_1_416' title='bbox 1624 4889 1667 4944; x_wconf 86' lang='lat' dir='ltr'>vir</span> <span class='ocrx_word' id='word_1_417' title='bbox 1683 4888 1825 4960; x_wconf 77' lang='lat' dir='ltr'>pusionem</span> <span class='ocrx_word' id='word_1_418' title='bbox 1840 4889 2008 4959; x_wconf 84' lang='lat' dir='ltr'>prehendere</span> 
     </span>
     <span class='ocr_line' id='line_1_42' title="bbox 371 4975 1433 5053; baseline -0.006 -16"><span class='ocrx_word' id='word_1_419' title='bbox 371 4982 486 5049; x_wconf 84' lang='lat' dir='ltr'>videtur,</span> <span class='ocrx_word' id='word_1_420' title='bbox 504 4984 537 5039; x_wconf 85' lang='lat' dir='ltr'>dc</span> <span class='ocrx_word' id='word_1_421' title='bbox 555 5001 608 5053; x_wconf 92' lang='lat' dir='ltr'>quo</span> <span class='ocrx_word' id='word_1_422' title='bbox 626 4982 697 5037; x_wconf 82' lang='lat' dir='ltr'>dixit</span> <span class='ocrx_word' id='word_1_423' title='bbox 715 4981 790 5037; x_wconf 71' lang='lat' dir='ltr'>nata</span> <span class='ocrx_word' id='word_1_424' title='bbox 813 4980 916 5036; x_wconf 79' lang='lat' dir='ltr'>Antike</span> <span class='ocrx_word' id='word_1_425' title='bbox 935 4979 1088 5035; x_wconf 81' lang='lat' dir='ltr'>Rildwerlxe</span> <span class='ocrx_word' id='word_1_426' title='bbox 1104 4978 1134 5032; x_wconf 92' lang='lat' dir='ltr'>in</span> <span class='ocrx_word' id='word_1_427' title='bbox 1152 4977 1222 5032; x_wconf 84' lang='lat' dir='ltr'>Rom</span> <span class='ocrx_word' id='word_1_428' title='bbox 1240 4975 1290 5030; x_wconf 88' lang='lat' dir='ltr'>sub</span> <span class='ocrx_word' id='word_1_429' title='bbox 1309 4993 1336 5030; x_wconf 88' lang='lat' dir='ltr'>n.</span> <span class='ocrx_word' id='word_1_430' title='bbox 1355 4976 1433 5031; x_wconf 80' lang='lat'>4046.</span> 
     </span>
    </p>
   </div>
   <div class='ocr_carea' id='block_1_8' title="bbox 0 0 2400 6120">
    <p class='ocr_par' dir='ltr' id='par_1_12' title="bbox 0 0 2400 6120">
     <span class='ocr_line' id='line_1_43' title="bbox 0 0 2400 6120; baseline 0 0"><span class='ocrx_word' id='word_1_431' title='bbox 0 0 2400 6120; x_wconf 95' lang='lat' dir='ltr'> </span> 
     </span>
    </p>
   </div>
  </div>
 </body>
</html>
