4792 6120
1125 412 1195 477 XVI

442 611 506 676 Sed
527 610 624 676 etiam
646 629 685 674 ex
706 608 947 674 Anacreonticis
967 627 1097 673 carmen
1111 609 1149 673 19
1170 608 1203 672 in
1223 605 1471 690 comparationis
1493 624 1587 670 usum
1608 603 1803 679 transcrib03
1827 602 1925 686 quod
1949 603 2000 667 sic

342 719 504 802 procedit:

875 821 909 873 At
929 819 1040 873 Modone
1057 815 1105 873 τὸν
1119 817 1225 894 Ἔρωτα

876 903 991 978 drinaum
1010 904 1190 974 στεφάνοισιν

876 992 914 1066 τῷ
936 991 1041 1045 Κάλλει
1061 992 1231 1067 παρέδωκαν·

876 1080 923 1132 καὶ
942 1075 1027 1149 νῦνῆ
1051 1078 1197 1152 Κυθέρεια

841 1167 857 1219 5
878 1170 955 1236 ζητοῖ
969 1162 1054 1238 λύτρα
1073 1165 1194 1236 φέρουσα

877 1249 1015 1304 λύσασθαι
1036 1246 1083 1303 τὸν
1097 1248 1210 1322 Ἔρωτα.

878 1335 931 1390 κᾶν
949 1336 1016 1410 λύσῃ
1034 1336 1065 1390 δέ
1083 1354 1124 1395 τις
1142 1331 1236 1401 αὐτόν,

877 1417 928 1475 οὐκ
945 1420 1045 1485 ἔξεισι,
1069 1421 1150 1494 μένει
1166 1421 1204 1475 δέ.

878 1506 1022 1561 δουλεύειν
1041 1507 1207 1562 devidentur.

343 1632 378 1695 ln
394 1630 510 1712 quibus
532 1648 597 1694 non
617 1629 720 1692 solum
744 1630 832 1711 ζητεῖ
849 1648 878 1692 v.
901 1629 936 1705 5,
967 1628 1023 1693 sed
1044 1627 1183 1691 maxime
1206 1625 1256 1689 ille
1278 1628 1424 1691 versus8
1447 1626 1504 1688 οοίι
1524 1627 1637 1705 ἔξεισι,
1666 1635 1757 1707 μένει
1777 1625 1816 1688 δέ
1836 1626 1941 1708 plane
1966 1627 2000 1692 ei

344 1736 518 1801 inventioni
542 1734 675 1799 debetur
697 1734 748 1798 eui
767 1734 875 1816 paruit
894 1734 984 1798 lllusa
1005 1733 1195 1799 Catulliana.

449 1842 539 1920 Quae
568 1841 623 1923 qui
652 1841 863 1924 perspexerit,
893 1841 958 1905 iam
986 1840 1150 1906 etiamad
1176 1840 1292 1906 Catulli
1322 1859 1450 1906 versum
1474 1840 1528 1919 19,
1558 1840 1649 1904 cuius
1679 1840 1872 1905 sententiam
1893 1842 1996 1905 anci·

342 1949 441 2032 pitem
464 1949 591 2031 proviso
612 1948 686 2012 fecit
706 1953 819 2029 poeta:

889 2053 958 2109 Hem
976 2053 1021 2108 hic
1037 2050 1067 2108 in
1083 2053 1167 2110 roseis
1186 2053 1255 2108 latet
1271 2052 1379 2123 papillis

344 2166 497 2231 Amorem
519 2164 715 2229 confidenter
737 2165 769 2228 in
791 2165 943 2230 auxilium
964 2165 1100 2230 vocabit.
1140 2165 1228 2230 Duas
1250 2165 1344 2230 huius
1362 2165 1422 2229 loci
1444 2163 1721 2247 interpretationes
1741 2162 1869 2227 tolerari
1891 2182 1997 2245 posse

346 2273 426 2349 dixi;
457 2272 584 2354 utrique
607 2276 714 2336 autem
741 2272 811 2354 pari
833 2271 897 2335 sere
917 2271 1014 2336 modo
1043 2272 1128 2336 lavet
1149 2272 1265 2347 Amor;
1296 2275 1393 2354 atque
1420 2271 1516 2335 etiam
1545 2270 1590 2334 sie
1613 2271 1761 2352 aenigma
1789 2270 1864 2334 illud
1887 2271 1997 2335 stabit

344 2398 403 2442 nec
426 2377 565 2442 solutum
588 2377 656 2441 erit.
699 2376 731 2440 Si
761 2377 847 2441 enim
874 2377 956 2441 inter
983 2377 1118 2459 papillas
1145 2376 1270 2459 puellae
1299 2377 1398 2443 latere
1425 2376 1608 2442 Camerium
1631 2377 1802 2455 sumimus,
1834 2378 1994 2442 contendi

344 2488 477 2568 possunt
496 2484 612 2566 quibus
633 2484 785 2547 Amorem
806 2482 963 2565 Meleager
985 2484 1155 2565 compellat
1176 2483 1305 2548 Anthol.
1327 2484 1395 2548 Pal.
1416 2483 1443 2545 V
1466 2484 1541 2548 177:
1560 2478 1599 2546 oli
1619 2506 1661 2563 με
1681 2483 1832 2567 λέληθας,
1852 2483 1993 2563 τοξότα,

412 2586 540 2671 ὄμμασι
564 2588 785 2670 κρυπτόμενος
813 2589 863 2653 vel
892 2590 978 2671 quod
1005 2590 1092 2653 dedit
1119 2590 1185 2654 sive
1207 2590 1299 2654 Plato
1328 2590 1394 2654 sive
1416 2590 1622 2673 Asclepiades
1650 2590 1724 2655 ibid.
1745 2590 1799 2654 VH
1820 2590 1895 2654 217:
1926 2590 1993 2653 ἐπὶ

346 2695 484 2778 prumam
504 2695 523 2758 o‘
543 2695 655 2776 γλυκύς
669 2694 746 2772 ἕζετ’
759 2693 866 2775 Ἕριος.
903 2696 945 2772 Si,
964 2695 1050 2777 quod
1071 2696 1178 2778 paullo
1198 2696 1300 2777 magis
1321 2696 1429 2761 animo
1450 2697 1665 2773 adblanditur‚
1688 2697 1824 2779 papillas
1837 2715 1990 2760 rosarum

346 2803 609 2886 interpretamur,
638 2801 802 2884 praeclare
831 2801 992 2883 conspirat
1019 2801 1161 2866 Platonis
1190 2802 1278 2884 quod
1305 2803 1468 2867 ferebatur
1497 2822 1613 2885 poema
1643 2803 1772 2868 Anthol.
1801 2803 1891 2867 Plan.
1921 2802 1989 2869 210

347 2908 399 2990 (39
417 2908 542 2990 Bergk.)
571 2909 643 2972 v.5
673 2908 728 2972 ubi
757 2908 835 2972 deus
864 2927 937 2972 ecce
965 2895 1061 2969 edcta·
1089 2909 1125 2970 ἐν
1152 2908 1327 2973 κολύκεσσι
1358 2909 1483 2989 plorum
1511 2928 1570 2973 nec
1599 2910 1705 2973 minus
1734 2928 1864 2974 carmen
1894 2911 1990 2974 Ana·

348 3018 531 3079 creonteum
552 3015 586 3078 5:

830 3134 938 3202 Στέφος
955 3134 1062 3188 πλέκων
1079 3130 1147 3188 ποθ’
1165 3122 1248 3207 εὗρον

818 3217 860 3281 ,ἐν
878 3227 935 3280 τοῖς
952 3219 1043 3294 ῥόδοις
1056 3221 1169 3293 Ἔρωτα.

829 3307 876 3358 καὶ
895 3305 948 3360 τῶν
965 3306 1075 3379 πτερῶν
1093 3302 1235 3377 κατασχών

830 3387 952 3460 e'ssdutru’
970 3391 1010 3452 εἰς
1029 3387 1076 3446 τὸν
1094 3389 1171 3446 οἱνον
1189 3394 1245 3446 κτλ

348 3527 411 3589 quo
435 3505 504 3570 loco
526 3504 602 3587 quia
622 3503 654 3568 in
677 3503 822 3568 convivio
842 3523 893 3568 res
914 3504 1027 3585 agitur,
1049 3506 1102 3569 vix
1117 3506 1150 3569 in
1171 3504 1255 3569 horti
1273 3506 1403 3582 rosario,
1425 3506 1481 3570 sed
1498 3506 1603 3589 potius
1624 3505 1655 3568 in
1677 3506 1773 3569 corbe
1794 3506 1872 3570 rosis
1888 3504 1988 3587 pleno

348 3612 526 3677 consedisse
556 3610 703 3674 videatur
725 3609 856 3691 Cupido.
899 3610 1011 3693 Neque
1039 3611 1183 3693 ignotum
1208 3615 1256 3676 est
1282 3611 1364 3676 inter
1391 3612 1484 3677 flores
1505 3611 1678 3694 Cupidines
1707 3632 1804 3693 quarn
1833 3631 1929 3694 saepe
1951 3611 1987 3676 in

348 3717 562 3784 monmnentis
583 3717 812 3798 repraesentati
833 3717 912 3796 sint,
941 3738 980 3782 ea
998 3722 1107 3783 tamen
1127 3718 1329 3795 condicione,
1358 3722 1394 3782 ut
1420 3719 1608 3800 plerumque
1636 3719 1741 3800 polius
1765 3719 1824 3801 ipsi
1852 3721 1986 3782 nectant

348 3825 482 3890 corollas
503 3823 553 3887 vel
572 3821 721 3887 manibus
742 3827 879 3903 gestent:
906 3824 1003 3889 modo
1032 3825 1130 3890 adeas
1150 3823 1286 3904 Helbigii
1307 3823 1580 3906 Wandgemaelde
1601 3823 1661 3887 sub
1681 3843 1712 3888 n.
1735 3824 1794 3889 799
1816 3829 1848 3888 et
1869 3822 1930 3888 800
1952 3828 1987 3888 et

349 3932 413 3997 alia
433 3930 580 4014 plurima.

350 4255 416 4345 lv.
473 4254 532 4340 lle
549 4281 756 4366 puerorum
775 4253 1011 4340 minutorum
1027 4255 1197 4342 nuditate
1224 4263 1264 4340 et
1291 4257 1340 4341 de
1357 4256 1543 4340 Amomm
1569 4256 1727 4340 deorum
1751 4255 1982 4340 inventione.

449 4436 487 4501 Et
518 4436 600 4500 haec
630 4434 760 4518 quidem
781 4435 947 4501 hactenus.
995 4436 1138 4501 Alterum
1169 4457 1245 4503 vero
1274 4437 1433 4521 peculiare
1462 4436 1495 4500 in
1523 4438 1665 4502 carmine
1684 4436 1800 4502 Catulli
1828 4437 1915 4518 quod
1944 4436 1985 4500 de

350 4543 496 4608 Camerio
516 4543 646 4607 effertur
666 4541 728 4606 hoc
749 4545 804 4620 est,
834 4541 922 4624 quod
943 4543 1064 4607 nudum
1085 4564 1153 4609 esse
1180 4543 1328 4608 audimus
1349 4562 1378 4607 v.
1404 4544 1458 4620 11;
1488 4543 1532 4608 sic
1561 4548 1645 4609 certe
1672 4543 1717 4607 ibi
1745 4543 1897 4608 traditum
1919 4546 1983 4607 est:

349 4650 470 4714 aradum
498 4649 610 4728 reciae,⁸
645 4649 750 4730 ipsum
776 4648 872 4714 reduc
908 4650 948 4714 de
978 4669 1042 4734 quo
1078 4650 1184 4733 aptius
1212 4670 1312 4732 quam
1348 4650 1388 4715 de
1415 4649 1546 4732 fugitivo
1575 4651 1637 4716 dici
1665 4650 1764 4733 possit
1792 4669 1858 4716 non
1891 4650 1985 4715 video

350 4756 402 4834 (ci.
433 4776 464 4839 p.
493 4754 562 4837 IV);
601 4755 714 4838 quodsi
743 4754 903 4820 obiectum
936 4757 1024 4820 verbi
1051 4756 1147 4820 huius
1175 4754 1340 4821 Camerius
1365 4760 1428 4836 est,
1466 4758 1588 4823 nudum
1628 4755 1671 4822 ad
1704 4756 1791 4822 hunc
1828 4756 1987 4839 pertineat

350 4881 477 4927 necesse
498 4866 554 4926 est
