4792 6120
1150 482 1252 547 XXVI

376 676 478 742 Pollio
499 676 631 741 Gallieni
651 695 678 740 c.
698 675 742 757 l),
765 675 851 740 unde
872 674 950 740 illud
973 677 1138 742 ›rexeris‹
1156 677 1281 760 (Horat.
1298 677 1412 761 epistl
1428 677 1529 757 1,59).
1555 677 1691 743 Severus
1712 679 1744 743 in
1761 680 1868 763 prima
1887 683 2034 764 pueritia

381 784 521 849 »nullum
542 783 641 847 alium
663 783 745 848 inter
766 802 883 865 pueros
905 783 1017 848 ludum
1038 783 1098 848 nisi
1127 785 1169 850 ad
1193 785 1314 850 iudices
1334 785 1491 861 exercuit,
1521 804 1594 849 curn
1617 784 1684 867 ipse
1713 786 1864 867 praelatis
1886 788 2033 856 fascibus

377 912 416 957 ac
444 890 608 955 securibus
638 890 749 955 ordine
779 908 952 971 puerorum
981 890 1208 956 circumstante
1235 892 1360 956 sederet
1394 910 1432 955 ac
1459 890 1633 956 iudicaret«
1669 891 1844 974 (Spartiani
1873 913 1899 959 c.
1932 897 1966 974 1,
1992 899 2030 974 4;

376 998 491 1063 similia
517 997 613 1062 Iulius
642 996 785 1061 Valerius
808 1017 838 1078 p.
864 998 902 1061 13
930 997 979 1061 ed.
1000 997 1160 1080 Kuebler).
1204 998 1334 1063 Clodius
1362 997 1498 1062 Albinus
1525 998 1625 1062 ierttu
1654 1000 1856 1081 »saepissime
1877 1007 2032 1069 cantasse

377 1107 459 1171 inter
477 1105 644 1189 puerulos:
676 1107 773 1168 Arma
793 1123 905 1168 amens
926 1104 1036 1187 capio<
1070 1104 1253 1187 (Capitolini
1272 1125 1298 1169 c.
1321 1107 1350 1183 5,
1368 1104 1411 1185 1).
1458 1103 1541 1168 Hinc
1568 1109 1629 1183 est,
1661 1106 1748 1187 quod
1770 1108 1868 1173 etiam
1887 1110 2031 1177 Amores

376 1212 479 1296 pusilli
502 1212 544 1276 ab
567 1211 743 1276 artificibus
765 1210 899 1275 adhibiti
922 1215 997 1276 sunt
1018 1212 1060 1276 ad
1081 1213 1167 1277 vitae
1192 1213 1319 1277 labores
1340 1212 1447 1277 oliicia
1473 1211 1581 1277 studia
1600 1213 1791 1296 inceptaque
1812 1216 2033 1298 multigenera

376 1320 448 1385 lusu
468 1318 574 1401 lepido
596 1338 634 1383 ac
656 1323 792 1382 venusto
813 1319 1032 1401 exprimenda.

479 1426 546 1490 lam
567 1445 643 1489 vero
672 1425 754 1489 inter
775 1425 912 1507 pupulos
940 1426 1092 1516 mortales
1121 1430 1152 1490 et
1180 1424 1377 1489 immortales
1404 1425 1444 1488 de
1472 1424 1523 1488 his
1551 1425 1616 1488 lere
1646 1425 1815 1490 convenire
1844 1427 2030 1509 observavi,

377 1553 462 1616 quae
483 1537 540 1597 aut
561 1532 603 1596 ad
624 1532 764 1596 indolem
785 1535 843 1596 aut
864 1533 906 1596 ad
924 1532 1150 1614 occupationes
1170 1536 1381 1613 utrorumque
1404 1531 1572 1613 pertinent.

476 1641 516 1704 Et
527 1640 567 1704 de
582 1641 677 1703 rebus
692 1638 821 1720 quidem
835 1638 937 1702 tribus
948 1643 978 1703 et
992 1638 1230 1722 principalibus,
1246 1638 1364 1720 quibus
1375 1638 1559 1702 communio
1573 1637 1719 1720 proditur
1729 1639 1909 1716 amborum,
1925 1661 2033 1725 supra

377 1748 534 1812 monitum
548 1747 666 1811 habes:
687 1746 727 1810 de
748 1749 858 1810 tenera
880 1749 995 1823 aetate,
1016 1746 1056 1810 de
1077 1765 1116 1810 eo
1137 1745 1225 1828 quod
1246 1744 1434 1809 catervatim
1453 1749 1563 1827 agunt,
1580 1744 1621 1808 de
1636 1745 1781 1810 nuditate
1795 1744 1838 1828 (p.
1856 1746 1943 1811 XVII
1953 1749 2031 1832 sq).

378 1854 511 1919 Accedit
523 1853 594 1918 hoc.
631 1853 833 1934 Ubicumque
848 1853 931 1917 enim
949 1873 1077 1935 gregem
1091 1852 1261 1916 infantium
1276 1851 1373 1915 etiarn
1388 1851 1619 1934 amplissimum
1636 1871 1689 1915 ars
1701 1851 1881 1929 inducebat,
1901 1857 2033 1934 gravis-

377 1960 491 2024 simum
507 1964 563 2036 est,
583 1960 670 2043 quod
683 1979 787 2043 paene
800 1979 926 2043 semper
942 1961 1037 2024 unius
1051 1979 1105 2024 eos
1122 1958 1329 2040 eiusdemque
1341 1958 1455 2023 aetatis
1472 1962 1505 2022 et
1521 1958 1751 2040 magnitudinis
1763 1979 1831 2024 esse
1841 1959 2031 2028 destinavit.

377 2068 488 2149 ltaque
505 2067 684 2132 admirabili
700 2065 840 2149 quodam
858 2066 952 2130 studii
970 2086 1126 2130 consensu
1143 2069 1274 2130 cautum
1291 2069 1347 2142 est,
1364 2084 1405 2129 ne
1419 2085 1477 2147 pro
1492 2066 1586 2129 unius
1601 2065 1713 2129 matris
1727 2065 1798 2130 filiis
1813 2066 2030 2136 haberentur.

377 2174 412 2239 ld
433 2193 592 2257 nusquam
614 2193 678 2237 non
702 2173 786 2238 valet
809 2174 848 2237 de
864 2173 1090 2255 Cupidinibus;
1113 2173 1199 2237 valet
1218 2173 1288 2255 pari
1310 2172 1407 2236 modo
1430 2172 1470 2236 de
1488 2173 1596 2254 pueris
1615 2172 1759 2249 minutis3
1781 2175 1879 2239 rnodo
1900 2175 2032 2258 inspice

376 2282 504 2347 tabulas
523 2282 702 2364 propositas
722 2280 753 2344 in
775 2280 869 2344 huius
889 2280 984 2344 libelli
1007 2280 1185 2362 appendice
1205 2280 1244 2344 lll
1266 2278 1310 2360 (et
1331 2279 1384 2360 lV)
1414 2283 1446 2343 et
1467 2278 1492 2341 V
1513 2282 1545 2342 et
1566 2278 1630 2342 Vlll
1652 2283 1684 2343 et
1704 2279 1761 2355 lX;
1796 2281 1901 2362 cogita
1923 2284 2032 2350 etiam

376 2389 548 2470 lgelensem
570 2390 752 2452 columnam
774 2392 806 2451 et
825 2407 923 2470 opera
952 2388 1084 2469 quaevis
1105 2388 1247 2452 eiusdem
1269 2386 1459 2468 argumenti.
1506 2385 1600 2449 Unde
1621 2391 1746 2463 autem,
1773 2407 1909 2469 quaeso,
1942 2389 2032 2457 haec

377 2496 454 2561 artis
471 2494 667 2560 consuetudo
683 2495 796 2559 deduci
812 2495 926 2559 debet?
963 2495 1031 2575 Ego
1047 2493 1196 2576 equidem
1214 2493 1371 2557 advitam
1388 2512 1591 2557 communem
1606 2513 1782 2575 provocare
1796 2514 1861 2559 non
1877 2497 2031 2564 cessabo

378 2602 481 2667 Facile
504 2606 551 2666 est
572 2603 656 2666 enim
675 2603 718 2667 ad
739 2601 933 2666 credendum
951 2601 1097 2665 homines
1115 2601 1246 2678 nobiles,
1268 2600 1324 2664 ubi
1340 2619 1493 2683 pusorum
1516 2619 1627 2681 greges
1648 2599 1786 2677 alebant,
1810 2601 1870 2666 hos
1891 2622 2031 2687 quoque

376 2730 415 2775 ea
436 2709 623 2773 condicione
646 2709 705 2773 sibi
739 2708 915 2790 ›undique‹
947 2727 1152 2791 procurasse,
1182 2711 1217 2772 ut
1245 2707 1400 2790 aequaevi
1429 2709 1543 2770 essent.
1592 2706 1703 2788 Neque
1731 2707 1970 2775 inconsiderate
1993 2712 2030 2778 id

375 2835 580 2898 praesumere
604 2814 682 2878 mihi
711 2815 821 2879 videor
847 2820 879 2879 et
901 2816 941 2879 de
963 2814 1058 2879 turba
1085 2815 1210 2878 minuta
1230 2815 1262 2878 in
1284 2812 1522 2896 amphitheatro
1543 2818 1702 2896 occupata
1731 2815 1819 2897 apud
1840 2815 2029 2884 Martialem

377 2921 486 3005 (supra
516 2942 545 3005 p.
575 2920 643 3002 1111)
679 2925 711 2985 et
747 2922 788 2986 de
824 2921 963 3003 puerulis
996 2921 1216 2985 conlusoribus
1244 2920 1399 2985 Caracalli
1433 2921 1466 2984 in
1495 2919 1562 2984 vita
1592 2919 1701 2985 Severi
1728 2920 1771 3004 (p.
1802 2921 1887 3005 XXI)
1919 2928 1955 2989 et
1985 2926 2028 2992 de

375 3031 482 3111 pueris
503 3049 575 3094 cum
597 3029 754 3093 Amorum
776 3033 892 3093 ornatu
916 3028 1062 3093 exhibitis
1085 3049 1105 3093 a
1127 3027 1297 3110 Cleopatra
1319 3026 1362 3110 (p.
1384 3026 1515 3108 XXlV),
1545 3027 1708 3092 similibus.

477 3136 687 3200 Puerulorum
707 3136 900 3219 parvitatem
928 3139 1126 3218 quantopere
1153 3153 1346 3216 exaggerare
1376 3134 1517 3217 antiquis
1544 3134 1715 3216 placuerit,
1744 3153 1844 3217 supra
1864 3135 2024 3205 illustravi

376 3263 406 3325 p.
420 3242 490 3307 Xlll
506 3262 575 3325 sqq.
617 3242 705 3306 Idem
723 3242 754 3306 in
769 3242 831 3306 Nili
850 3246 957 3306 statua
978 3243 1182 3317 observatum
1204 3241 1290 3305 idem
1312 3245 1343 3305 et
1365 3240 1441 3305 alibi
1463 3240 1603 3305 velutin
1625 3241 1826 3323 sarcophago
1847 3241 2018 3311 Parisiensi

375 3350 475 3432 (apud
485 3348 686 3432 Guigniautl.
697 3349 716 3414 l.
727 3369 759 3414 n.
773 3350 847 3429 523)
864 3350 917 3414 ubi
934 3353 966 3414 et
980 3348 1037 3413 alis
1051 3352 1196 3414 carentes
1213 3352 1244 3411 et
1255 3347 1350 3411 nimis
1363 3367 1423 3430 pro
1438 3347 1584 3429 portione
1599 3347 1703 3428 exigui
1720 3347 1837 3412 adsunt
1853 3349 1886 3411 in
1898 3349 2022 3416 Bacchi

375 3457 544 3533 comitatu,
567 3460 598 3520 et
619 3457 651 3520 in
668 3456 869 3539 sarcophago
890 3456 1072 3521 Casscllano
1095 3455 1196 3538 (apud
1217 3454 1416 3519 Baumeister
1436 3453 1569 3517 Denkm.
1599 3474 1630 3519 n.
1651 3453 1734 3533 760).
1780 3454 1846 3519 Nec
1868 3456 2025 3525 differtmt

376 3566 524 3639 Amores;
545 3582 622 3627 nam
638 3563 722 3627 idem
742 3564 773 3627 in
787 3562 960 3628 Amoribus
980 3583 1109 3646 quoque
1127 3562 1267 3627 studiose
1286 3560 1445 3624 interdum
1467 3560 1633 3625 affectasse
1652 3561 1801 3643 antiquos
1815 3562 1864 3625 vel
1879 3563 2024 3646 Augusti

374 3673 481 3735 statua
510 3669 603 3733 docet
628 3670 678 3734 cui
705 3671 777 3735 talis
805 3670 930 3752 Cupido
960 3670 1102 3735 adiectus
1130 3674 1177 3734 est
1198 3668 1309 3750 (supra
1336 3688 1367 3750 p.
1390 3666 1520 3748 XXIV);
1558 3667 1675 3731 docent
1702 3673 1858 3750 cognatae
1887 3671 2024 3738 Veneris

372 3781 498 3842 statuae
524 3776 752 3841 illustrissimae
775 3776 862 3841 velut
891 3777 1052 3842 Mediceae
1078 3778 1127 3841 vel
1146 3777 1286 3841 Venetae
1310 3776 1360 3839 vel
1380 3775 1582 3852 DresdensiS,
1609 3775 1664 3839 ubi
1695 3776 1774 3840 deae
1790 3778 1927 3842 Amores
1947 3783 2022 3846 tam

374 3882 541 3948 minusculi
573 3883 604 3946 in
635 3883 785 3966 delphino
816 3884 990 3961 adludunt,
1033 3884 1086 3948 vix
1114 3888 1150 3948 ut
1182 3883 1281 3948 oculis
1313 3902 1368 3947 eos
1399 3881 1621 3965 deprehendas
1632 3881 1673 3962 ¹);
1713 3882 1829 3947 docent
1869 3883 2021 3966 adprime

372 3990 517 4072 picturae
544 3988 761 4072 Pompeianae
788 3989 1057 4067 Herculanenses,
1087 3991 1174 4054 velut
1202 3990 1253 4053 ille
1283 3988 1413 4053 ridicule
1444 3988 1626 4052 deminutus
1656 3988 1711 4070 qui
1742 3988 2020 4073 Hermaphrodito

372 4096 497 4161 adsistit
519 4096 638 4178 (Raoul
653 4097 811 4161 Rochette
832 4097 926 4162 choix
946 4098 1012 4162 tab.
1032 4097 1082 4178 10)
1100 4097 1149 4161 vel
1172 4097 1275 4178 magis
1304 4097 1401 4160 etiam
1422 4095 1578 4161 ioculares
1594 4094 1729 4159 Amores
1749 4096 1910 4178 ingentem
1932 4098 2019 4166 Her-

372 4203 475 4267 culem
497 4202 584 4285 apud
606 4203 786 4285 Omphalen
810 4204 997 4269 inludendes
1019 4203 1106 4285 (ibid.
1129 4205 1194 4269 tab.
1216 4203 1277 4285 19),
1300 4203 1387 4286 quod
1409 4222 1552 4267 scomma
1575 4202 1704 4283 pictoris
1726 4198 1781 4285 qui
1804 4208 2017 4287 conspexerit,

472 4438 497 4507 1)
516 4438 551 4493 cf.
569 4455 591 4493 e.
606 4455 633 4507 g.
646 4436 740 4492 Clarae
749 4435 787 4490 1v
801 4436 838 4491 tb.
852 4438 903 4491 620
916 4456 944 4491 n.
955 4437 1022 4492 1382
1040 4441 1068 4493 et
1087 4436 1162 4503 1379,
1181 4436 1221 4490 tb.
1233 4435 1283 4490 627
1300 4453 1328 4489 n.
1340 4435 1417 4488 1412.
1453 4433 1527 4488 Haec
1543 4451 1614 4503 quae
1630 4440 1694 4491 sunt
1710 4437 1744 4492 de
1762 4437 1807 4492 dei
1826 4439 1965 4510 parvitate
1984 4443 2017 4499 in

369 4523 468 4578 eminis
485 4523 642 4593 frequenter
660 4522 742 4576 obvia
758 4540 854 4593 perum
872 4523 991 4594 respexit
1001 4524 1102 4594 Helbig
1119 4524 1149 4578 in
1168 4523 1270 4578 Ftthrer
1289 4521 1375 4577 durch
1393 4519 1438 4575 die
1456 4520 1630 4577 ddentlicheu
1644 4523 1839 4592 Sammlungen
1858 4530 1879 4581 t.
1892 4526 1905 4580 1
1920 4527 2014 4599 (1891)

370 4628 397 4680 p.
414 4608 439 4673 8,
463 4608 561 4664 ubido
581 4612 680 4663 Amore
699 4608 747 4663 illo
770 4608 799 4662 iu
822 4611 914 4664 statua
932 4609 1063 4680 Augusti:
1092 4610 1163 4665 »Der
1180 4609 1319 4679 autlltllige
1337 4608 1502 4678 Gegensatz,
1528 4609 1643 4665 welcher
1663 4610 1794 4667 zwischcn
1819 4613 1867 4668 der
1885 4613 2015 4670 verktim·

370 4700 476 4751 merten
495 4694 614 4765 Bitdung
631 4695 716 4750 dieses
734 4696 820 4750 Amor
837 4695 893 4750 und
910 4696 972 4752 dem
991 4696 1229 4752 ausdrucksvollen
1247 4696 1350 4750 Motive
1367 4694 1415 4750 der
1433 4695 1596 4767 Hauptfigur
1616 4697 1754 4762 obvaltet,
1770 4698 1876 4754 erklttrt
1892 4698 1949 4754 sich

368 4784 450 4836 unter
465 4781 513 4837 der
531 4781 762 4853 Vorausaetzung,
786 4782 848 4837 daea
865 4782 913 4837 der
932 4783 1079 4839 Bildhauer
1098 4783 1142 4837 fflr
1159 4781 1203 4838 die
1221 4782 1388 4854 Haupttigur
1411 4781 1455 4838 ein
1478 4785 1576 4839 Alteros
1601 4783 1714 4839 Vorbild
1738 4786 1872 4841 benntmn
1897 4786 2013 4854 konnte,

369 4866 434 4923 aber
452 4867 496 4924 bei
513 4868 676 4939 Gestaltung
693 4869 741 4924 der
756 4868 923 4938 Nebenflgur
946 4870 997 4926 aul
1010 4870 1068 4925 sein
1091 4870 1200 4939 eigenes
1218 4868 1529 4939 Erfindungevermttgen
1546 4869 1717 4939 angevieeen
1740 4889 1821 4926 wan«
1859 4873 1902 4926 An
1920 4873 2013 4931 credit

368 4971 464 5010 revera
480 4954 522 5009 vir
539 4954 654 5010 eximius
671 4955 781 5011 mama
798 4955 905 5011 Amoris
919 4956 998 5028 parvi
1015 4957 1045 5011 in
1063 4956 1193 5027 delphino
1209 4954 1335 5011 vehentis
1352 4953 1411 5009 aine
1429 4955 1552 5025 exemplo
1569 4955 1652 5011 fuisse
1671 4959 1811 5027 Augustae
1828 4958 1940 5013 aetate?
