4792 6120
1175 451 1204 516 X

367 654 404 718 ln
426 651 542 719 Catulli
563 655 672 717 autern
693 653 842 732 poemate
861 668 939 714 vera
960 653 1110 714 venustas
1131 654 1226 714 estet
1247 647 1351 729 gratia
1368 646 1497 730 puerilis
1518 668 1602 730 quae
1623 668 1643 713 a
1664 650 1797 715 distorta
1812 651 2010 734 pumilorum

370 759 569 826 deformitate
591 758 741 822 latissime
762 757 867 821 distat.

467 866 539 931 Fuit
561 869 668 929 autem
698 863 882 929 deliciarum
902 861 1086 927 huiusmodi
1111 861 1209 926 etiam
1237 861 1373 925 alterum
1401 879 1513 941 genus
1542 861 1585 924 ad
1612 863 1699 944 quod
1719 882 1873 947 provoco,
1902 869 2011 936 minus

371 973 457 1050 illud,
479 973 505 1037 si
522 972 570 1037 dis
590 970 705 1055 placet,
727 969 863 1035 crudelis
878 969 976 1035 animi
994 974 1026 1034 et
1046 968 1148 1049 magis
1171 967 1355 1033 innocentis.
1400 965 1474 1044 Viri,
1496 969 1624 1050 saepius
1646 970 1743 1034 etiarn
1765 973 1913 1039 mulieres
1933 995 2011 1041 cum

369 1080 571 1164 pusionibus,
602 1079 656 1161 qui
678 1097 779 1142 annos
802 1077 915 1142 aetatis
941 1080 1093 1159 quattuor
1114 1075 1163 1139 vel
1185 1095 1241 1140 sex
1266 1075 1355 1141 haud
1376 1080 1589 1153 excesserant,
1620 1077 1725 1141 lusum
1746 1080 1914 1159 gerebant,
1943 1102 2011 1149 non

369 1188 437 1252 sine
467 1206 590 1251 venere.
643 1185 704 1249 Eos
742 1184 869 1266 proprie
908 1183 1015 1247 vocari
1051 1182 1214 1246 ›delicias‹
1252 1183 1326 1246 olim
1370 1183 1515 1264 exposuit
1545 1183 1755 1249 Casaubonus
1794 1187 1837 1251 ad
1867 1188 2010 1255 Suetonii

370 1293 481 1359 Octar.
506 1313 532 1357 c.
554 1294 603 1357 83.

474 1400 514 1464 Et
541 1399 681 1480 primum
710 1396 877 1461 accidebat
907 1395 993 1477 quod
1021 1394 1180 1476 hodieque
1207 1393 1337 1471 accidit,
1367 1397 1404 1457 ut
1432 1399 1551 1459 matres
1580 1415 1655 1460 suos
1681 1397 1817 1463 infantes
1846 1419 1911 1465 non
1933 1421 2009 1468 vero

370 1526 479 1572 amore
500 1510 646 1570 materno
667 1505 860 1579 educarent:
883 1502 939 1566 sed
962 1500 1145 1566 educandos
1162 1500 1231 1563 aliis
1254 1500 1418 1564 traderent
1438 1519 1497 1564 nec
1519 1501 1578 1565 nisi
1599 1523 1658 1584 pro
1679 1504 1829 1582 ludibrio,
1851 1506 2010 1588 καθάπερ

371 1618 521 1693 παίγνια,
547 1612 572 1675 si
595 1611 721 1676 animus
742 1610 873 1686 ferebat,
895 1607 1045 1671 manibus
1067 1612 1099 1671 et
1119 1606 1202 1671 ulnis
1230 1607 1439 1689 susciperent3
1471 1607 1532 1671 hoe
1560 1609 1636 1675 illud
1659 1616 1707 1676 est
1736 1614 1823 1695 quod
1849 1614 2012 1696 vituperat

370 1718 562 1784 Plutarchus
583 1718 615 1781 in
638 1716 852 1781 consolatione
873 1716 916 1780 ad
934 1734 1066 1778 uxorem
1089 1732 1115 1778 c.
1137 1713 1201 1794 6¹).

472 1825 671 1890 Accidebant
700 1824 797 1888 etiam
824 1822 903 1887 talia
927 1821 1077 1885 nimirum
1107 1820 1216 1902 qualia
1235 1819 1476 1902 Theophrastus
1507 1822 1588 1886 inter
1610 1825 1853 1890 consuetudines
1875 1827 2010 1893 tradidit

371 1934 538 1998 hominum
571 1931 665 1994 nimis
696 1930 842 2013 placendi
873 1929 1089 1994 studiosorum
1120 1925 1274 2007 (charact.
1304 1928 1351 2006 bl:
1393 1928 1435 1992 ad
1467 1947 1580 1993 cenam
1618 1930 1703 1993 enim
1732 1937 1864 1998 vocatus
1896 1935 2013 2017 aliquis

371 2041 529 2122 hospitem
552 2039 639 2103 iubet
659 2057 818 2102 arcessere
838 2036 988 2112 infantem
1018 2035 1073 2099 ubi
1094 2039 1267 2110 venerunt,
1295 2034 1378 2115 patri
1401 2034 1565 2100 similiores
1586 2036 1662 2101 dicit
1690 2057 1788 2118 quam
1812 2039 1861 2103 lac
1882 2041 1955 2105 lacti
1981 2047 2014 2107 et

373 2148 470 2212 adse
492 2145 622 2210 trahens
644 2145 805 2208 osculatur
825 2148 857 2207 et
877 2143 919 2207 ad
948 2161 981 2206 se
1005 2141 1161 2215 consistit;
1192 2141 1330 2223 denique
1351 2161 1423 2205 cum
1449 2141 1518 2205 aliis
1543 2162 1655 2207 eorum
1675 2144 1755 2209 ludit
1778 2146 1845 2227 ipse
1867 2148 2013 2214 clamans

372 2250 489 2330 α’σκός,
521 2252 669 2329 πέλεκυς,
699 2250 778 2315 alios
799 2251 831 2314 in
851 2254 962 2314 ventre
983 2248 1121 2312 dormire
1142 2249 1216 2312 sinit
1236 2266 1301 2313 non
1324 2248 1391 2312 sine
1411 2268 1531 2329 pressu.

470 2361 514 2424 At
541 2378 617 2422 vero
647 2357 744 2421 etiam
773 2357 893 2421 alienos
920 2355 1090 2419 infantulos
1123 2355 1244 2437 lepidos
1274 2359 1424 2419 venustos
1452 2356 1539 2437 apud
1567 2356 1680 2420 divites
1705 2357 1747 2420 ali
1779 2359 1887 2422 solitos
1916 2363 1948 2423 et
1980 2360 2013 2426 in

373 2471 598 2533 ornamentum
618 2466 702 2530 vitae
725 2465 885 2529 adhibitos
903 2483 971 2527 esse
991 2462 1135 2545 plurimis
1157 2461 1344 2525 testimoniis
1364 2460 1509 2525 firmabo.

474 2573 600 2637 Primus
623 2573 707 2636 adsit
738 2571 815 2635 mibi
834 2571 954 2635 Seneca
984 2568 1191 2651 philosophus
1213 2568 1267 2651 qui
1289 2587 1385 2631 senex
1407 2567 1439 2630 in
1461 2568 1550 2650 epist.
1574 2568 1657 2642 123
1686 2569 1725 2632 de
1748 2569 1906 2634 Felicione
1928 2571 2013 2635 vilici

373 2682 421 2745 sui
449 2680 513 2744 lilio
544 2698 648 2762 pauca
680 2678 943 2753 comminiscitur;
980 2696 1065 2740 nunc
1100 2675 1229 2758 quidem
1267 2673 1318 2738 hic
1349 2673 1464 2738 Felicio
1495 2674 1673 2756 decrepitus
1702 2679 1765 2751 est3
1798 2676 1873 2739 olim
1903 2681 2012 2742 aulem

381 2787 538 2870 »pupulus
558 2786 704 2849 delicium
728 2804 836 2848 meum
855 2785 959 2848 lactus
980 2787 1056 2847 est«.
1098 2781 1193 2845 Vides
1215 2779 1308 2844 simul
1330 2783 1362 2845 et
1389 2779 1544 2863 pupulum
1567 2784 1599 2844 et
1620 2781 1766 2846 delicium
1786 2787 1945 2847 vocatum.

474 2893 560 2958 Talis
581 2912 676 2974 porro
699 2891 804 2955 inlans
824 2895 872 2955 est
892 2889 980 2971 apud
1001 2887 1179 2953 Martialem
1206 2886 1246 2950 IV
1268 2887 1307 2951 87

791 3011 969 3067 infantem
986 3028 1076 3066 secum
1093 3027 1199 3080 semper
1216 3012 1266 3064 tua
1285 3009 1381 3074 bassa,
1400 3008 1519 3073 Fabulle,

856 3098 977 3154 Colloeat
994 3100 1023 3152 et
1040 3098 1139 3152 lusus
1156 3094 1366 3163 deliciaeque
1384 3098 1472 3150 vocat.

373 3212 460 3277 Talis
480 3213 576 3278 etiam
598 3213 727 3277 Erotion
753 3214 881 3275 mortua
914 3210 973 3274 luit
999 3228 1055 3273 sex
1082 3227 1184 3272 annos
1211 3210 1289 3271 nata
1317 3207 1405 3288 apud
1429 3207 1566 3271 eundem
1587 3207 1763 3272 Martialem
1786 3210 1819 3275 in
1849 3211 2012 3295 epitaphio

374 3320 428 3403 qui
449 3320 598 3402 legiturV
610 3320 658 3384 34.
691 3320 732 3384 Et
753 3317 903 3383 cumbae
925 3316 1054 3399 quidem
1070 3335 1151 3398 pusa
1167 3316 1248 3379 bene
1270 3313 1418 3396 componi
1432 3317 1536 3394 potest
1556 3313 1606 3377 ille
1626 3313 1835 3380 Amarantlrio
1853 3318 2011 3400 deliciuls)

374 3428 407 3492 in
436 3425 526 3491 titulo
555 3425 745 3507 sepulchrali
773 3424 861 3489 urbis
881 3423 1006 3487 Rornae
1028 3421 1100 3486 CIL.
1120 3421 1160 3485 Vl
1182 3421 1262 3486 3967
1291 3420 1346 3503 qui
1375 3420 1453 3483 vicit
1481 3421 1578 3483 annis
1601 3420 1666 3484 II]
1692 3442 1731 3485 m.
1749 3421 1828 3499 ΙΙΙ;
1856 3424 1931 3488 item
1961 3425 2012 3490 ille

377 3535 492 3600 »Gaius
514 3536 683 3597 venustus«
707 3531 849 3614 quinque
866 3549 1022 3594 annorum
1039 3529 1072 3592 in
1085 3529 1175 3592 titulo
1189 3528 1337 3591 Romano
1354 3526 1490 3607 repetito
1507 3527 1594 3609 apud
1611 3527 1815 3593 Duebnerum
1833 3530 1865 3593 in
1881 3531 2010 3596 Anthol.

374 3642 475 3706 Palat.
498 3639 636 3705 tomolll
656 3638 793 3720 append.
809 3636 918 3701 11699.
960 3635 1103 3718 Denique
1126 3634 1243 3699 »Nicen
1262 3652 1401 3715 pupam‹
1428 3667 1466 3677 -
1488 3633 1644 3714 delicium,
1667 3636 1745 3698 viril
1766 3656 1867 3701 annos
1885 3657 1955 3701 scas
1975 3673 2010 3683 -

374 3748 475 3813 habes
497 3746 571 3811 ClL.
592 3745 621 3809 X
639 3746 729 3809 5500.

476 3853 569 3916 Adde
596 3852 707 3916 incerti
728 3850 926 3933 epigramma
948 3847 1077 3913 Anthol.
1106 3847 1174 3912 Pal.
1199 3847 1252 3911 vn
1274 3847 1335 3911 483
1373 3847 1413 3910 de
1443 3845 1662 3923 Callaeschro,
1699 3847 1753 3929 qui
1781 3847 1895 3932 νήπιος
1926 3850 2011 3914 diem

375 3959 489 4024 obierit
510 3963 607 4041 atque
629 3958 692 4021 iam
715 3961 863 4035 παίγνιον
883 3955 1007 4019 futurus
1037 3953 1077 4018 sit
1106 3953 1139 4018 in
1158 3954 1254 4017 domo
1282 3952 1500 4034 Proserpinae.
1551 3951 1643 4016 Adde
1672 3952 1826 4018 bimulum
1858 3956 2012 4021 infantem

375 4064 495 4146 (ὀλίγον
514 4064 644 4145 βρόμος)
666 4063 720 4146 qui
741 4066 885 4126 mortuus
905 4065 1102 4125 memoratur
1119 4080 1139 4124 a
1156 4059 1295 4124 Diodoro
1312 4058 1387 4123 ibid
1405 4058 1457 4122 Vll
1472 4058 1546 4132 6323
1571 4057 1688 4122 scilicet
1711 4059 1751 4123 de
1775 4061 1862 4125 scala
1877 4063 2011 4144 parvula

375 4171 527 4254 parvulus
546 4169 722 4244 deciderat3
751 4172 783 4232 et
810 4167 865 4231 ubi
885 4167 1074 4231 accurrebat
1098 4164 1281 4230 ›dominus‹
1308 4164 1412 4246 (θεῖος
1434 4160 1550 4244 ἅναξ),
1582 4169 1708 4228 teneras
1736 4185 1851 4231 manus
1874 4168 1916 4232 ad
1937 4189 2011 4233 eum

374 4278 513 4342 moriens
533 4276 720 4341 tetenderat.
762 4273 923 4338 Novennis
944 4272 1084 4355 puellaa
1101 4272 1277 4353 Crinagora
1295 4271 1473 4336 celebratur
1486 4269 1562 4333 ibid.
1573 4271 1633 4335 643
1655 4270 1833 4354 diciturque
1855 4273 2012 4352 ἐράσμιοι·

374 4383 446 4446 αἰὲν
464 4379 601 4462 ἄθυρμα
622 4380 789 4460 οἰκογενές,
817 4378 850 4444 id
877 4380 964 4463 quod
992 4379 1035 4442 ad
1061 4378 1190 4443 delicias
1210 4377 1306 4461 plane
1326 4380 1460 4459 spectat
1501 4375 1613 4440 Nescio
1634 4380 1741 4441 autem
1763 4398 1805 4442 an
1828 4378 1891 4443 huc
1913 4381 2012 4445 etiam

375 4490 532 4557 referendi
560 4489 624 4554 sint
655 4488 799 4554 modicus
833 4485 883 4551 ille
912 4485 1011 4550 Clitae
1042 4484 1191 4550 alumnus
1217 4484 1293 4550 ibid.
1322 4485 1382 4549 663
1391 4482 1415 4564 ²)
1453 4487 1485 4548 et
1510 4484 1622 4562 μικκός
1650 4485 1848 4564 Muharur,
1877 4491 2012 4566 θρέμμα

474 4745 500 4812 l)
530 4739 585 4804 Τὰς
604 4741 633 4796 δὲ
651 4738 753 4803 πολλὰς
776 4735 885 4817 δρῶμεν
900 4739 1023 4815 μητέρας
1044 4732 1112 4793 ὅταν
1131 4731 1178 4793 rln'
1200 4735 1287 4791 ἄλλων
1312 4732 1344 4790 τὰ
1371 4737 1468 4791 παιδία
1491 4735 1626 4811 καθαρθῇ
1649 4736 1696 4788 καὶ
1720 4732 1850 4810 γανωθῇ,
1880 4734 2010 4811 καθάπερ

376 4835 495 4902 παίγνια
514 4826 705 4903 λαμβανούσας
723 4828 763 4890 εἰς
778 4835 888 4902 χεῖρας,
915 4823 974 4881 εἶτα
993 4829 1050 4880 κτλ.

473 4917 500 4983 2)
526 4934 580 4987 quo
603 4915 662 4970 iure
684 4931 735 4987 ego
759 4914 828 4970 talia
847 4914 921 4969 velut
943 4909 1270 4968 Anthol.Pal.V11308
1294 4907 1528 4980 praetermittam,
1552 4925 1609 4962 uon
1627 4910 1668 4962 est
1691 4905 1764 4976 quod
1788 4922 1937 4976 exponam
1961 4923 2012 4962 nec

376 5003 467 5060 minus
483 5003 596 5060 titulum
614 5002 679 5058 011..
697 5000 725 5056 ΙΙ
743 5000 811 5056 3354
829 4998 877 5056 ubi
894 4999 1024 5055 humatus
1040 5015 1097 5055 esse
1113 4997 1214 5053 dicitrrr
1230 5012 1300 5066 puer
1317 5011 1392 5050 serve
1409 5001 1545 5066 pronatae
1556 4993 1621 5063 plue
1637 4995 1727 5048 minue
1744 5008 1878 5047 annorum
1897 4992 1958 5047 ΙΙΙ.
