4792 6120
1149 471 1251 536 XXVI

375 665 477 730 Pollio
498 664 631 730 Gallieni
651 683 677 728 c.
697 663 741 745 4),
763 662 850 728 unde
871 663 949 729 illud
972 684 1045 730 »rex
1058 665 1137 730 eris«
1155 666 1279 749 (Horat.
1297 666 1387 750 epist.
1399 667 1412 730 l
1426 668 1453 743 1,
1465 665 1529 746 59).
1554 666 1690 732 Severus
1712 667 1743 732 in
1761 668 1867 751 prima
1887 669 2030 752 pueritia

379 772 520 838 »nullum
541 772 640 836 alium
662 772 744 836 inter
765 791 882 853 pueros
904 771 1016 836 ludum
1037 773 1098 837 nisi
1126 773 1169 839 ad
1192 774 1313 839 iudices
1333 773 1490 851 exercuit,
1520 793 1593 838 cum
1616 774 1684 856 ipse
1711 774 1864 856 praelatis
1886 776 2031 842 fascibus

376 900 415 945 ac
444 879 608 944 securibus
637 878 748 942 ordine
777 897 951 959 puerorum
980 878 1207 945 circumstante
1234 881 1359 945 sederet
1393 899 1431 944 ac
1458 879 1632 945 iudicaret«
1669 880 1843 963 (Spartiani
1872 901 1899 947 c.
1930 884 1964 961 1,
1988 886 2029 961 43

375 986 490 1052 similia
516 985 612 1051 lulius
642 984 785 1049 Valerius
806 1005 838 1066 p.
863 986 901 1050 13
929 985 979 1050 ed.
998 985 1159 1067 Kuebler).
1202 987 1333 1052 Clodius
1360 986 1497 1052 Albinus
1524 987 1623 1051 fertur
1653 989 1855 1071 >saepissime
1877 995 2029 1056 cantasse

375 1095 458 1159 inter
476 1093 643 1177 puerulos:
674 1095 772 1156 Amra
792 1112 904 1156 amens
925 1093 1035 1175 capio<
1069 1093 1251 1176 (Capitolini
1271 1113 1297 1158 c.
1320 1096 1349 1172 5,
1367 1093 1410 1175 9).
1456 1093 1540 1158 Hinc
1566 1099 1628 1172 est,
1661 1095 1748 1177 quod
1770 1097 1867 1161 etiarn
1887 1099 2029 1164 Amores

375 1200 479 1284 pusilli
501 1200 543 1264 ab
566 1198 742 1264 artificibus
763 1199 899 1263 adhibiti
921 1203 996 1264 sunt
1017 1201 1059 1264 ad
1080 1201 1166 1265 vitae
1191 1201 1318 1266 labores
1339 1201 1446 1265 oitlcia
1472 1201 1579 1266 studia
1600 1202 1791 1285 inceptaque
1812 1204 2031 1287 multigenera

376 1309 448 1372 lusu
468 1307 574 1389 lepido
595 1326 633 1371 ac
655 1311 790 1370 venusto
812 1307 1031 1389 exprimenda.

478 1414 545 1478 lam
566 1433 643 1477 vero
671 1413 753 1477 inter
773 1414 911 1495 pupulos
940 1414 1091 1504 mortales
1120 1418 1152 1479 et
1179 1414 1376 1478 immortales
1403 1413 1443 1477 de
1471 1413 1522 1477 his
1550 1414 1615 1478 tere
1644 1415 1815 1480 convenire
1844 1416 2028 1497 observavi,

377 1541 461 1604 quae
482 1519 602 1585 autad
624 1519 762 1584 indolem
784 1524 842 1584 aut
863 1521 905 1584 ad
923 1520 1149 1602 occupationes
1170 1525 1380 1602 utrorumque
1403 1520 1571 1602 pertinent.

474 1629 515 1692 Et
527 1628 566 1692 de
580 1627 677 1691 rebus
691 1626 821 1709 quidem
834 1626 937 1691 tribus
947 1631 978 1691 et
991 1627 1229 1710 principalibus,
1245 1627 1363 1710 quihus
1374 1627 1558 1690 communio
1572 1627 1718 1709 proditur
1728 1628 1909 1705 amborum,
1923 1649 2029 1713 supra

376 1735 534 1799 monitum
548 1734 665 1798 habes:
687 1734 726 1797 de
747 1736 858 1799 tenera
879 1738 994 1811 aetate,
1015 1733 1055 1798 de
1076 1754 1115 1798 eo
1136 1734 1223 1816 quod
1245 1733 1433 1798 catervatim
1452 1737 1562 1815 agunt,
1579 1733 1619 1798 de
1635 1734 1781 1799 nuditate
1795 1734 1838 1818 (p.
1856 1735 1941 1800 XVII
1951 1737 2027 1820 sq).

376 1842 510 1906 Accedit
523 1842 594 1906 hoc.
631 1841 832 1923 Ubicumque
847 1841 930 1905 enirn
948 1861 1077 1923 gregem
1090 1840 1260 1905 infantium
1275 1840 1372 1904 etiam
1388 1840 1619 1922 amplissimum
1635 1860 1688 1905 ars
1700 1841 1881 1920 inducebat,
1900 1845 2030 1923 gravis·

376 1948 491 2013 simum
506 1952 562 2025 est,
582 1948 669 2030 quod
682 1966 786 2029 paene
800 1967 926 2031 semper
942 1949 1036 2013 unius
1050 1968 1105 2012 eos
1121 1947 1328 2029 eiusdemque
1340 1947 1454 2011 aetatis
1472 1951 1504 2011 et
1520 1948 1750 2028 magnitudinis
1762 1969 1830 2014 esse
1841 1949 2028 2016 destinavit

375 2057 487 2138 ltaque
503 2055 684 2120 admirabili
699 2054 839 2137 quodam
857 2055 953 2119 studii
969 2074 1125 2119 consensu
1142 2059 1274 2119 cautum
1290 2059 1346 2131 est,
1364 2073 1404 2118 ne
1418 2073 1476 2136 pro
1491 2055 1585 2118 unius
1600 2054 1712 2118 matris
1726 2055 1797 2119 tiliis
1813 2056 2027 2123 haberentur.

376 2162 412 2226 ld
431 2182 592 2245 nusquam
612 2182 678 2226 non
701 2161 786 2226 valet
808 2162 848 2225 de
864 2160 1089 2243 Cupidinibus;
1113 2162 1197 2225 valet
1218 2161 1288 2243 pari
1309 2160 1407 2225 modo
1429 2161 1469 2225 de
1488 2161 1595 2243 pueris
1615 2161 1759 2238 minutis3
1781 2164 1878 2228 modo
1900 2164 2028 2247 inspice

374 2271 503 2335 tabulas
523 2271 702 2352 propositas
720 2268 753 2332 in
774 2269 869 2332 huius
888 2268 983 2332 libelli
1006 2267 1184 2350 appendice
1204 2269 1244 2332 111
1266 2267 1309 2349 (et
1330 2267 1383 2348 IV)
1413 2273 1445 2332 et
1466 2267 1544 2332 Vct
1566 2268 1629 2332 Vlll
1651 2272 1682 2333 et
1704 2268 1760 2344 IX;
1795 2271 1900 2351 cogita
1922 2272 2028 2337 etiam

375 2377 549 2458 lgelensem
569 2377 751 2441 columnam
773 2380 805 2440 et
825 2395 923 2458 opera
952 2376 1084 2457 quaevis
1104 2375 1246 2440 eiusdem
1268 2374 1458 2457 argumenti.
1506 2374 1599 2438 Unde
1620 2380 1745 2451 autem,
1773 2397 1909 2459 quaeso,
1940 2378 2028 2444 haec

376 2485 453 2549 artis
470 2483 666 2548 consuetudo
682 2483 797 2547 deduci
811 2483 926 2547 debet?
963 2483 1030 2564 Ego
1046 2482 1195 2565 equidem
1214 2481 1371 2546 advitam
1387 2500 1591 2545 communem
1606 2501 1781 2564 provocare
1795 2504 1860 2548 non
1877 2485 2027 2551 cessabo.

376 2590 480 2656 Facile
503 2594 551 2655 est
571 2591 655 2655 enirn
674 2592 716 2655 ad
738 2589 933 2655 credendum
951 2589 1096 2653 homines
1115 2589 1246 2667 nobiles,
1268 2589 1323 2653 ubi
1340 2608 1493 2670 pusorum
1515 2608 1626 2670 greges
1647 2589 1785 2668 alebant,
1810 2591 1869 2656 hos
1890 2611 2027 2675 quoque

375 2719 414 2763 ea
436 2696 622 2762 condicione
645 2698 704 2761 sibi
738 2697 915 2779 ›undique‹
946 2715 1151 2779 procurasse,
1181 2699 1217 2761 ut
1245 2695 1401 2779 aequaevi
1429 2698 1542 2759 essent.
1591 2694 1702 2778 Neque
1730 2696 1968 2763 inconsiderate
1990 2700 2025 2765 id

374 2823 579 2887 praesumere
604 2803 681 2867 mihi
710 2804 820 2867 videor
846 2803 940 2867 etde
963 2802 1058 2867 turba
1085 2803 1209 2866 minuta
1229 2803 1262 2867 in
1283 2801 1522 2884 amphitheatro
1543 2807 1701 2884 occupata
1730 2804 1818 2886 apud
1840 2804 2026 2872 Martialem

376 2909 486 2993 (supra
515 2930 545 2992 p.
574 2909 643 2991 Xll)
678 2915 710 2974 et
747 2910 787 2974 de
823 2910 962 2991 puerulis
995 2910 1216 2974 conlusoribus
1243 2908 1400 2973 Caracalli
1433 2908 1466 2972 in
1495 2908 1562 2973 vita
1591 2908 1699 2973 Severi
1727 2910 1770 2992 (p.
1801 2911 1887 2993 XXI)
1918 2916 1953 2977 et
1981 2913 2024 2979 de

374 3019 481 3099 pueris
502 3037 574 3082 cum
597 3018 753 3082 Amorum
776 3021 892 3081 ornatu
915 3016 1061 3081 exhibitis
1084 3036 1105 3080 a
1126 3016 1297 3098 Cleopatra
1319 3014 1361 3096 (p.
1384 3014 1514 3095 XXIV),
1545 3015 1707 3081 similibus.

476 3124 686 3189 Puerulorum
706 3124 899 3206 parvitatem
927 3128 1126 3206 quantopere
1152 3142 1346 3204 exaggerare
1375 3123 1516 3205 antiquis
1543 3122 1714 3204 placuerit,
1743 3142 1842 3205 supra
1864 3124 2017 3191 illustravi

373 3251 405 3313 p.
419 3231 490 3295 Xlll
505 3251 574 3313 sqq.
616 3230 704 3294 idem
722 3231 754 3294 in
769 3229 830 3294 Nili
849 3233 956 3294 statua
977 3230 1181 3305 observatum
1204 3228 1288 3293 idem
1311 3233 1343 3293 et
1365 3229 1440 3294 alibi
1462 3228 1549 3293 velut
1569 3229 1602 3293 in
1624 3230 1825 3312 sarcophago
1846 3231 2012 3297 Parisieosi

374 3339 474 3420 (apud
484 3337 686 3420 Guigniautl.
696 3338 715 3402 l.
728 3357 759 3401 n.
773 3338 846 3416 593)
863 3339 917 3402 ubi
933 3341 965 3402 et
979 3337 1036 3402 alis
1050 3340 1195 3402 carentes
1212 3339 1243 3399 et
1255 3335 1350 3399 nimis
1363 3356 1422 3417 pro
1437 3335 1583 3418 portione
1598 3336 1702 3417 exigui
1719 3336 1837 3401 adsunt
1852 3338 1885 3401 in
1898 3337 2016 3403 Bacchi

374 3447 544 3522 comitatu,
566 3449 597 3509 et
618 3446 651 3508 in
667 3444 868 3527 sarcophago
890 3445 1072 3510 Cassellano
1095 3443 1195 3526 (apud
1217 3443 1416 3508 Baumeister
1435 3442 1568 3506 Denlrm.
1598 3463 1629 3507 n.
1650 3441 1733 3522 760).
1779 3443 1845 3508 Nec
1867 3445 2021 3511 differunt

374 3554 523 3628 Amores,
545 3571 622 3615 narn
637 3550 722 3615 idern
741 3552 773 3615 in
786 3551 959 3616 Amoribus
980 3571 1109 3634 quoque
1126 3549 1266 3615 studiose
1285 3549 1445 3613 interdum
1466 3549 1632 3613 affectasse
1651 3550 1801 3632 antiquos
1815 3551 1864 3615 vel
1879 3553 2021 3635 Augusti

373 3662 480 3723 statua
509 3657 603 3721 docet
627 3658 677 3722 cui
705 3658 777 3723 talis
805 3657 929 3740 Cupido
960 3658 1102 3723 adiectus
1129 3662 1177 3722 est
1198 3656 1309 3738 (supra
1336 3676 1367 3738 p.
1389 3655 1520 3736 XXIV);
1557 3656 1673 3720 docent
1701 3662 1857 3739 cognatae
1887 3659 2022 3725 Veneris

371 3769 497 3830 statuae
523 3764 751 3829 illustrissimae
774 3765 862 3829 velut
890 3765 1051 3830 Mediceae
1077 3766 1127 3829 vel
1146 3764 1286 3829 Venetae
1309 3763 1359 3827 vel
1379 3763 1581 3840 Dresdeosis,
1608 3764 1664 3828 ubi
1694 3764 1773 3829 deae
1790 3767 1926 3830 Amores
1947 3772 2020 3834 tam

373 3870 541 3937 minusculi
572 3871 604 3935 in
634 3871 784 3953 delphino
816 3872 989 3951 adludunt,
1031 3872 1085 3936 vix
1114 3876 1150 3937 ut
1181 3871 1280 3936 oculis
1313 3890 1367 3935 eos
1398 3869 1620 3953 deprehendas
1631 3870 1672 3951 1);
1712 3870 1829 3937 docent
1868 3873 2019 3955 adprime

370 3978 516 4061 picturae
543 3978 761 4059 Pompeianae
788 3977 1056 4056 Herculanenses,
1087 3979 1174 4043 velut
1201 3977 1253 4041 ille
1282 3976 1412 4042 ridicule
1442 3977 1625 4041 deminutus
1655 3977 1710 4059 qui
1741 3978 2018 4062 Hermaphrodito

371 4085 496 4150 adsistit
519 4084 637 4166 (Raoul
653 4084 810 4149 Rochette
832 4085 926 4150 choix
946 4086 1011 4150 tab.
1032 4084 1149 4166 tolvei
1171 4085 1275 4166 magis
1303 4085 1400 4149 etiarn
1422 4084 1578 4148 ioculares
1593 4084 1728 4148 Amores
1749 4085 1909 4167 ingentem
1931 4087 2018 4154 Her·

371 4191 474 4255 culern
496 4191 583 4273 apud
605 4190 786 4274 Omphalen
809 4192 997 4257 inludendes
1018 4192 1106 4274 (ibid.
1127 4192 1194 4257 tab.
1216 4191 1276 4273 19),
1299 4191 1386 4275 quod
1408 4210 1551 4255 scomma
1574 4190 1704 4271 pictoris
1726 4186 1781 4274 qui
1803 4196 2015 4276 conspexerit,

471 4427 496 4496 1)
515 4426 550 4482 cf.
568 4443 590 4481 e.
605 4443 632 4496 g.
645 4424 740 4480 Clarae
748 4423 787 4478 IV
799 4423 839 4479 tb.
852 4425 903 4479 620
915 4425 1022 4480 alasa
1039 4429 1068 4481 et
1087 4424 1161 4490 1379,
1180 4423 1221 4479 tb.
1232 4424 1282 4478 627
1300 4442 1328 4477 n.
1340 4423 1416 4477 1412.
1452 4422 1526 4477 llaec
1543 4441 1613 4492 quae
1629 4429 1693 4480 sunt
1710 4425 1744 4481 (16
1762 4426 1806 4481 (161
1825 4427 1965 4498 parvitate
1983 4431 2014 4487 in

368 4512 467 4567 statuis
485 4511 641 4581 frequenter
659 4510 742 4565 obvia
757 4528 854 4581 parum
872 4512 990 4582 respexit
1001 4511 1101 4581 Helbig
1118 4511 1148 4567 in
1167 4511 1270 4566 samer
1288 4510 1374 4566 durch
1392 4509 1437 4564 die
1455 4509 1630 4566 brienttichen
1643 4511 1838 4581 Sammlungsn
1858 4518 1878 4570 t.
1892 4514 1904 4567 I
1919 4516 2012 4587 (1891)

369 4617 396 4668 p.
413 4596 438 4662 8,
462 4596 509 4652 ubi
527 4597 561 4652 (16
580 4600 679 4652 Amore
698 4596 746 4651 illo
769 4597 799 4651 in
821 4600 914 4652 statm
932 4598 1063 4669 Augusti:
1091 4599 1162 4653 »Der
1180 4597 1318 4667 autibllige
1336 4597 1501 4667 segeneo,
1527 4598 1643 4654 welches·
1662 4599 1793 4656 svmehen
1818 4601 1867 4657 der
1885 4601 2012 4658 vsrkssm·

369 4688 475 4739 merten
493 4683 613 4754 Bildung
630 4683 715 4738 dieses
734 4685 819 4738 Amor
836 4684 893 4738 und
909 4684 970 4740 dem
990 4684 1228 4740 ausdrucksvollen
1246 4684 1349 4739 Metire
1366 4683 1414 4738 der
1432 4683 1596 4754 Hauptiigur
1615 4685 1753 4751 obwaltet,
1770 4687 1875 4742 erkle-rt
1891 4687 1949 4742 sich

368 4772 449 4824 anter
464 4769 512 4826 der
529 4770 761 4841 Voraussetsung,
786 4770 848 4825 dass
865 4770 913 4825 der
931 4771 1078 4827 Bildhauer
1097 4771 1141 4825 fur
1158 4770 1203 4827 die
1220 4771 1387 4842 Hauptflgur
1410 4770 1455 4825 ein
1477 4773 1575 4826 altares
1601 4771 1714 4827 Vorbild
1738 4773 1872 4829 benutzen
1896 4774 2012 4841 konnte,

368 4855 434 4910 aber
451 4855 495 4911 bei
512 4857 675 4928 Gestaltung
693 4857 741 4913 der
755 4857 922 4927 Nebenflgur
945 4859 996 4913 auf
1010 4859 1067 4913 sein
1090 4859 1199 4927 sigenes
1217 4857 1528 4928 Erflndungsvermtlgen
1546 4858 1717 4927 angewiesen
1739 4877 1820 4914 aaa«
1858 4861 1902 4914 An
1920 4861 2011 4918 credit

368 4959 463 4998 revers
479 4942 522 4997 vir
538 4943 653 4999 eximius
670 4944 780 4999 schema
797 4944 904 5000 Amoris
919 4944 997 5016 parvi
1015 4946 1045 5000 iu
1062 4944 1191 5015 delphino
1209 4943 1334 4999 vehentis
1351 4941 1410 4998 sine
1428 4944 1551 5014 exemplo
1569 4943 1651 4999 fuisse
1671 4947 1810 5015 Augustas
1827 4946 1940 5002 aetate?
