4792 6120
1138 502 1255 566 XXXV

371 695 505 778 Iriarte).
548 697 587 762 Et
604 699 769 783 pipioucm
790 695 898 760 alitem
921 694 1025 761 locose
1047 699 1153 763 vocari
1175 700 1338 773 novimus;
1359 698 1500 779 infantes
1521 718 1597 763 vero
1616 698 1776 783 pipiantes
1797 699 1926 764 vocavit
1941 700 2021 766 Teu

369 804 526 869 tullianus
545 824 672 887 monog.
698 802 779 884 161).

476 929 643 994 Postremo
669 932 778 993 autem
810 927 885 991 huic
918 927 1209 1010 disputatiunculae
1237 926 1400 992 cumulum
1427 928 1577 993 adserunt
1603 929 1701 994 verba
1723 934 1756 994 et
1782 931 1971 1014 parcissima
1988 937 2021 997 et

371 1034 641 1117 explanatissima,
663 1055 746 1118 quae
767 1035 810 1100 ad
832 1034 976 1099 tabulam
997 1034 1092 1100 buius
1113 1035 1208 1098 libelli
1226 1034 1256 1098 X
1275 1034 1372 1117 plane
1393 1054 1452 1116 pro
1469 1034 1573 1099 indice
1597 1036 1736 1100 adscribi
1760 1038 1898 1119 possint,
1919 1040 2019 1104 verba

371 1145 448 1206 sunt
469 1143 619 1204 νεοττιάν
640 1150 761 1204 τέκνων
793 1161 877 1224 quae
898 1142 980 1206 inter
1004 1142 1189 1206 comoediae
1216 1141 1396 1222 fragmenta
1422 1140 1508 1206 docti
1535 1148 1702 1208 recensent
1733 1142 1827 1224 (com.
1848 1145 1885 1209 ir.
1909 1145 2018 1230 adesp.

371 1248 433 1313 873
456 1248 567 1329 Koch)
597 1248 706 1313 debita
733 1249 786 1313 illa
807 1248 1005 1323 Heredium,
1035 1249 1090 1330 qui
1118 1253 1149 1313 et
1175 1248 1295 1313 citabat
1326 1252 1358 1312 et
1386 1248 1579 1313 adnotabat:
1613 1248 1631 1310 ὁ
1660 1252 1737 1329 γοῦν
1764 1249 1863 1331 λέγων
1881 1255 2020 1316 νοσσιὰν

372 1362 495 1416 τέκνων
513 1354 703 1435 eupatore
721 1354 787 1418 κτλ.
830 1356 948 1420 Vereor
969 1355 1078 1437 itaque
1098 1375 1139 1420 ne
1159 1356 1256 1421 etiam
1275 1355 1419 1437 pluribus
1440 1359 1570 1437 recepta
1591 1355 1686 1421 tuerit
1704 1356 1786 1421 haec
1806 1358 1931 1424 locutio.

474 1479 510 1543 ln
529 1480 591 1544 hac
611 1483 704 1544 tanta
723 1480 895 1561 pusionum
916 1483 1014 1561 atque
1034 1478 1143 1543 avium
1161 1478 1335 1542 conexione
1354 1477 1496 1561 primurn
1513 1478 1643 1561 quidem
1659 1480 1724 1544 iarn
1741 1500 1807 1544 non
1819 1481 2018 1560 mirabimur,

372 1606 439 1669 qua
461 1585 529 1667 Iege
551 1586 647 1651 etiam
668 1606 785 1669 pueros
808 1587 866 1651 alis
889 1591 1034 1652 carentes
1055 1606 1113 1668 per
1134 1605 1242 1650 aerem
1264 1585 1433 1650 volitantes
1453 1585 1584 1667 pingere
1604 1586 1673 1650 ausi
1694 1587 1771 1660 sint;
1800 1589 1888 1670 quod
1911 1589 2020 1654 obser-

372 1697 468 1759 vatur
489 1713 516 1758 e.
540 1713 569 1774 g.
592 1694 624 1757 in
644 1693 755 1758 tabula
774 1694 863 1758 urbis
884 1694 1009 1758 Romae
1030 1695 1070 1757 de
1092 1713 1157 1775 qua
1179 1712 1277 1775 supra
1299 1692 1451 1757 adnotavi
1474 1712 1505 1774 p.
1528 1692 1656 1757 XXVIII
1677 1698 1710 1757 et
1730 1694 1820 1759 XXX
1845 1696 1919 1760 adn.
1939 1698 1967 1762 3.

475 1818 573 1883 Aliud
594 1838 671 1883 vero
693 1838 732 1884 ac
752 1819 854 1883 multo
878 1818 1007 1900 gravius
1029 1822 1086 1896 est,
1109 1837 1173 1899 quo
1195 1816 1364 1881 tendimus.
1408 1817 1616 1882 Alexandrini
1637 1837 1754 1900 nempe
1775 1819 1921 1899 artifices,
1944 1841 2017 1887 cum

371 1930 446 2010 post
466 1925 602 1991 Pausiae
626 1945 777 2009 ›pueros‹
810 1926 870 2007 ipsi
899 1945 1028 2008 quoque
1054 1926 1205 2008 pusiones
1226 1925 1378 1989 delicatos
1405 1925 1543 1988 Iormare
1570 1924 1736 2006 gestirent,
1767 1926 1798 1990 in
1820 1927 2017 2009 ingeniosam

371 2033 461 2098 illam
492 2036 649 2098 Amorum
674 2032 890 2097 inventionem
927 2036 959 2097 et
986 2031 1056 2095 aliis
1085 2032 1217 2097 fortasse
1243 2030 1420 2095 rationibus
1444 2035 1476 2094 et
1503 2031 1565 2095 hac
1594 2031 1665 2113 ipsa
1692 2051 1727 2096 re
1760 2052 1859 2114 quam
1890 2034 2018 2117 disputo

371 2140 496 2205 Inducti
518 2143 609 2215 sunt;
631 2143 716 2204 certe
736 2138 880 2203 sollemni
903 2138 956 2203 illa
978 2139 1147 2202 infantium
1168 2143 1200 2202 et
1221 2137 1381 2220 pullorum
1405 2137 1579 2201 volatilium
1602 2139 1841 2219 comparatione
1863 2144 2018 2207 venustis-

370 2249 454 2313 sima
475 2247 711 2323 invitabantur,
742 2250 779 2310 ut
804 2247 900 2310 etlam
929 2265 1053 2328 pennas
1073 2249 1223 2326 aptarent
1247 2244 1437 2319 infantibus3
1469 2244 1522 2326 qui
1548 2244 1684 2308 infantes
1711 2246 1842 2327 pennati
1864 2248 1941 2311 dum
1964 2268 2019 2313 ex-

371 2354 564 2437 cogitantur,
593 2374 630 2417 eo
651 2354 721 2436 ipso
746 2355 917 2417 ›Amores‹
941 2352 1016 2416 facti
1037 2356 1127 2428 sunt3
1158 2355 1284 2415 tantum
1307 2352 1391 2415 enirn
1406 2351 1506 2415 valuit
1526 2352 1677 2415 nlmirum
1700 2352 1798 2434 ipsius
1818 2353 1946 2418 Amoris
1967 2355 2017 2419 dei

372 2460 483 2543 abgari
501 2460 711 2537 conscientia,
740 2461 794 2542 qui
826 2461 891 2524 sere
920 2459 1138 2540 mellephebus
1166 2477 1268 2539 usque
1298 2478 1336 2522 eo
1365 2458 1431 2521 sive
1457 2478 1537 2540 puer
1565 2459 1771 2540 provectioris
1791 2462 1905 2525 aetatis
1925 2461 2018 2527 fictus

376 2571 454 2633 erat
508 2568 652 2650 Denique
679 2568 932 2649 elegantissimae
962 2564 1169 2642 inventIonIS,
1210 2565 1243 2629 ni
1273 2565 1398 2638 Iallor,¹
1422 2565 1511 2645 origo
1537 2565 1654 2646 duplex
1683 2566 1758 2630 fuit:
1793 2571 1832 2632 ct
1860 2571 2019 2633 Amoris

379 2672 619 2758 mellephebi
655 2675 873 2739 tralaticia
909 2672 1136 2737 celebratio
1171 2672 1420 2735 continuata
1456 2675 1495 2735 et
1530 2671 1745 2752 pusionum
1781 2675 2018 2740 mortalium

379 2799 504 2859 amor,
528 2800 734 2865 quoscum
766 2781 911 2845 avibus
940 2777 1281 2861 aequiparabunt.
1331 2778 1383 2842 Sic
1410 2777 1541 2841 tandem
1574 2783 1605 2842 et
1630 2780 1800 2844 multitudo
1823 2781 2019 2863 CupidInum

375 2888 565 2970 explicatum
586 2888 686 2952 habet
714 2892 746 2952 et
774 2888 924 2970 parvitas.
967 2885 1079 2968 Neque
1109 2904 1264 2967 umquam
1294 2885 1359 2949 iere
1387 2884 1420 2947 iu
1444 2884 1616 2948 Amoribus
1643 2885 1883 2952 similtudinem
1909 2890 2019 2953 avium

371 3000 450 3063 sunt
468 2996 572 3070 obIIti3
596 2995 771 3076 cogitemus
791 2996 888 3060 modo
909 2992 1079 3069 Theocriti,
1103 2991 1191 3055 testis
1212 2989 1405 3071 principalis,
1429 2989 1535 3054 locum
1557 2990 1613 3055 XV
1631 2993 1689 3056 lat
1705 3012 1752 3075 sq.
1776 2993 1827 3075 (cl.
1848 3015 1879 3077 p.
1902 2996 2018 3061 XXXII

371 3104 449 3171 adn.
469 3104 512 3185 2).

727 3405 794 3489 VI.
856 3404 916 3490 De
945 3403 1097 3490 Amoris
1126 3414 1165 3490 ct
1191 3431 1399 3515 puerorum
1428 3402 1668 3513 garrulitate.

471 3585 535 3650 Tot
552 3590 709 3669 tantaque
724 3588 756 3651 in
775 3587 1035 3668 iuterpretatione
1047 3587 1163 3651 Catulli
1179 3586 1220 3651 de
1230 3585 1404 3650 Amoribus
1420 3586 1519 3649 verba
1538 3585 1685 3650 iacienda
1700 3585 1838 3650 fuerunt.
1870 3584 2017 3651 Tandem

371 3708 451 3755 vero
472 3691 514 3755 ad
537 3692 720 3758 Camerium
742 3694 858 3758 Catulli
884 3698 970 3759 retro
999 3699 1170 3758 vertamus.
1213 3692 1324 3775 Neque
1346 3692 1431 3756 enlm
1458 3693 1501 3756 ab
1522 3711 1560 3756 eo
1588 3691 1747 3756 deerravit
1768 3691 1870 3756 orati0
1900 3691 1961 3756 nisi
1982 3698 2019 3758 ut

373 3796 442 3878 ipse
463 3799 535 3880 quis
556 3799 664 3864 luisset
683 3820 840 3884 apparere
862 3805 976 3883 posset.
1020 3800 1091 3878 Quo
1121 3800 1189 3865 iure
1210 3799 1355 3864 Catullus
1385 3803 1416 3862 et
1444 3799 1605 3863 minutum
1635 3818 1709 3862 eum
1731 3818 1800 3863 esse
1819 3798 1968 3864 Indicarit
1987 3804 2019 3863 et

372 3902 498 3968 nudum
521 3925 589 3969 esse
611 3906 726 3970 dixerit
755 3908 1010 3971 demonstratum
1031 3910 1088 3970 est.
1131 3907 1282 3988 Superest
1305 3906 1398 3970 tertia
1419 3905 1561 3969 elusdem
1589 3906 1691 3970 virtus
1719 3925 1784 3970 non
1815 3906 1922 3970 minus
1941 3910 2018 3988 apta

374 4008 429 4073 illa
450 4011 493 4075 ad
513 4014 759 4078 commentarios
781 4012 1035 4077 conscribendos
1078 4012 1184 4077 Mirari
1202 4013 1287 4077 enlm
1305 4012 1406 4095 possis
1422 4012 1511 4094 quod
1532 4012 1675 4077 Catullus
1696 4014 1820 4077 auferre
1837 4012 2019 4078 CamerIum

374 4117 508 4182 omuino
530 4138 595 4183 non
619 4124 770 4198 conatur,
798 4120 855 4184 sed
877 4120 1102 4183 tantummodo
1122 4120 1210 4202 loqui
1232 4138 1306 4184 eum
1334 4119 1402 4183 vult
1422 4123 1454 4183 et
1475 4119 1565 4200 gravi
1593 4118 1808 4184 cumulatione
1828 4124 1943 4200 urguet
1965 4120 2020 4183 ede

375 4223 538 4307 audacter,
559 4227 721 4308 eornmitte,
752 4227 843 4292 crede
864 4226 947 4290 tucci
968 4225 1010 4307 (v.
1035 4224 1101 4306 16);
1132 4226 1235 4308 magis
1256 4226 1364 4304 etiarn,
1384 4225 1472 4308 quod
1493 4230 1597 4290 totum
1618 4245 1735 4307 poema
1758 4226 1919 4291 concludit
1939 4225 2020 4290 baec

474 4467 499 4535 1)
519 4466 555 4521 Et
571 4467 605 4521 cl.
626 4467 713 4523 Varro
730 4469 759 4522 L.
777 4470 837 4524 Lat.
856 4469 907 4524 VII
927 4470 984 4524 103.
1020 4470 1149 4525 Consulto
1170 4470 1239 4525 talia
1256 4471 1416 4541 plerumque
1434 4469 1520 4534 omisi,
1538 4468 1585 4524 ubi
1604 4488 1660 4526 non
1677 4470 1805 4535 infantes,
1831 4469 1878 4526 sed
1896 4470 2021 4525 homines

374 4552 488 4607 omnino
500 4570 560 4608 curn
577 4554 673 4609 avibus
686 4556 830 4625 compositi
843 4560 921 4621 sunt,
939 4557 1032 4626 qualia
1043 4558 1200 4626 frequenter
1213 4557 1368 4622 comoedum
1388 4557 1477 4612 Plauti
1488 4557 1547 4613 (tas.
1558 4557 1627 4611 150:
1646 4574 1720 4611 meus
1731 4557 1828 4627 pullus
1843 4572 1939 4626 passer
1951 4573 2018 4625 eqo:

375 4637 451 4692 Asin.
470 4639 534 4694 693:
564 4641 610 4694 dic
633 4642 719 4711 igitur
743 4659 784 4696 me
806 4644 975 4696 nocticulam
1051 4645 1237 4712 passerculum
1258 4644 1405 4714 pierium,-
1429 4643 1495 4698 ibid.
1514 4645 1578 4699 209:
1609 4647 1689 4713 quusi
1713 4645 1850 4699 columbae
1871 4643 1959 4713 putti;
1986 4642 2020 4697 cf.

375 4725 404 4780 E.
431 4725 460 4779 F.
484 4725 651 4781 Wortmann
677 4729 716 4784 De
740 4729 990 4799 comparationibus
1014 4729 1149 4786 Plautinis
1174 4734 1202 4785 et
1227 4729 1334 4785 Terent.
1360 4730 1513 4801 (Marburgi
1540 4731 1616 4797 1883)
1639 4748 1665 4800 p.
1691 4729 1724 4783 36
1751 4747 1809 4798 sqq.
1854 4729 1893 4783 Ex
1920 4728 2022 4783 Avibus

376 4812 569 4884 Aristophanis
586 4817 726 4884 praeclare
748 4818 776 4870 et
797 4816 853 4870 alia
877 4816 929 4871 hue
948 4816 1023 4871 trabi
1040 4817 1145 4887 possint
1163 4821 1192 4872 et
1209 4836 1251 4871 vv.
1274 4818 1340 4871 1284
1359 4836 1415 4887 sqq.
1448 4813 1681 4890 (ὄρνιθομανοῦσι
1701 4817 1776 4885 nrt).
1818 4815 1941 4885 Denique
1959 4815 2020 4870 aab

373 4915 474 4954 moneo
491 4916 598 4954 versum
615 4901 693 4957 illum
717 4900 826 4973 ἄπτηνα
851 4901 969 4959 τυτθόν.
994 4902 1057 4976 ἄρτι
1082 4900 1192 4976 γυμνὸν
1211 4899 1352 4976 ὀστράκων
1378 4920 1434 4958 non
1453 4903 1548 4958 comiti
1568 4903 1649 4958 luisse
1669 4902 1754 4958 videri
1782 4902 1826 4972 (fr.
1845 4903 2021 4973 adasp1291

372 4985 487 5054 Koch),
511 4986 558 5041 aad
579 4987 707 5057 Aeschyli
728 4989 772 5056 (ir.
794 4988 844 5041 328
863 4988 908 5057 N.)
928 5005 1016 5059 neque
1031 4993 1155 5045 constare
1173 4990 1209 5044 de
1224 4990 1336 5045 bomine
1353 4990 1422 5045 baec
1439 4988 1514 5044 dicta
1532 5005 1596 5044 esse.

1831 5111 1869 5163 5*
