4792 6120
1152 394 1250 459 XVIII

379 587 558 669 comparati
580 589 668 669 apud
682 588 888 654 Theocritum
901 590 959 654 XV
977 591 1035 655 190
1053 596 1086 656 et
1108 591 1196 675 apud
1218 590 1357 656 eundem
1372 591 1425 655 Vll
1442 592 1500 655 177
1520 592 1697 674 praedicati
1717 590 1869 671 μάλοισιι·
1892 593 2039 672 ἔρευθο-

378 701 524 775 μένοισιν
551 693 658 774 ὁμοῖοι
684 695 735 777 (ο1.
764 696 857 762 Plato
886 717 912 762 c.
935 698 1022 774 ΒΜ
1048 698 1191 780 Bergk.);
1223 699 1294 763 talis
1314 698 1439 780 Cupido
1460 697 1638 781 descriptus
1659 703 1707 762 est
1729 699 1799 763 loco
1818 699 2039 766 celeberrimo

379 801 538 882 Apollonii
549 801 657 866 Rhodi
671 802 894 868 111114-160.
937 804 1021 869 Hinc
1039 825 1163 885 parvus
1184 807 1285 870 Amor
1302 825 1367 870 non
1389 805 1606 886 infrequenter
1627 806 1660 870 in
1683 806 1879 871 carminibus
1901 808 2037 873 obvius

481 927 627 992 Alterum
645 947 817 993 commune
834 929 1004 1011 pusionum
1022 935 1054 994 et
1065 930 1259 1012 Cupidinum
1275 930 1336 994 hoc
1354 934 1411 1007 est,
1433 929 1522 1012 quod
1544 933 1601 994 aut
1621 929 1811 1012 plerumque
1835 933 1893 995 aut
1913 949 2039 1014 saepe-

379 1051 514 1098 numero
535 1035 691 1115 gregatIm
711 1035 924 1100 habebantur.
966 1036 1200 1120 PraepIacebat
1220 1038 1306 1102 enlm
1334 1037 1367 1101 in
1388 1035 1531 1120 parvulis
1553 1036 1733 1100 multitudo.
1756 1055 1758 1058 ·
1777 1037 1817 1100 Et
1839 1036 1872 1102 id
1894 1056 2040 1122 quoque

378 1138 412 1202 in
432 1139 627 1222 Cupidinum
648 1143 825 1207 simulacris
848 1164 946 1226 quam
968 1145 1067 1226 spisse
1089 1145 1284 1222 observetur,
1307 1164 1372 1208 non
1399 1148 1446 1207 est
1469 1144 1556 1226 quod
1578 1143 1777 1208 documentis
1799 1145 1967 1221 muniam;
1996 1166 2040 1212 ex

380 1246 491 1310 litteris
514 1267 615 1311 unum
635 1247 741 1313 locum
762 1249 870 1313 Bionis
900 1250 1094 1333 decerpsisse
1116 1251 1253 1315 sufficiat
1282 1251 1337 1332 qui
1359 1251 1460 1314 estin
1487 1250 1644 1314 Adonidis
1667 1250 1831 1332 epitaphio
1849 1269 1878 1314 v.
1891 1253 2039 1336 80sqq.‚

381 1353 437 1416 ubi
458 1357 581 1434 septem
604 1360 815 1419 numerantur
825 1355 865 1436 ¹):

817 1480 891 1558 ιῖμφί
909 1485 940 1538 δέ
956 1506 1009 1558 μιν
1029 1488 1173 1545 κλαίοντες
1192 1481 1429 1557 ιῖναστενιίχουσιν
1443 1483 1561 1556 Ἔρωτες

818 1569 984 1643 κειράμενοι
1000 1575 1099 1644 χαίτας
1118 1567 1161 1624 ἐπ’
1178 1568 1303 1624 Ἀδώνιδι·
1320 1565 1360 1641 χώ
1377 1570 1431 1641 μὲν
1450 1567 1554 1633 δισσῶς,
1579 1641 1582 1645 ⁴

817 1653 847 1716 ὃς
857 1652 885 1709 δ’
895 1654 940 1710 ἐπὶ
951 1654 1031 1716 τόξον
1041 1653 1135 1727 ἔβαιν’,
1155 1652 1185 1717 ὅς
1194 1652 1222 1709 δ’
1232 1655 1369 1728 εὔπτερον
1379 1644 1432 1727 ἆγε
1444 1657 1594 1729 φαρέτραν,

813 1740 853 1816 χιῦ
871 1743 925 1815 μὲν
944 1743 1022 1797 ἔλυσε
1041 1744 1153 1797 πέδιλον
1171 1739 1315 1807 Ἀδώνιδος,
1336 1738 1366 1802 iic
1385 1742 1415 1794 δὲ
1433 1743 1525 1814 λέβητι

812 1834 932 1902 χρυσείῳ
950 1827 1086 1902 ἐφόρησεν
1103 1824 1182 1901 ὕδωρ,
1202 1824 1216 1881 ὅ
1236 1829 1266 1881 δὲ
1284 1824 1376 1901 μηρὸν
1396 1828 1501 1892 ἔλουιν,

816 1914 846 1976 ὃς
864 1913 892 1969 δ’
910 1916 1015 1970 ὄπιθεν
1034 1913 1219 1987 πτερύγεσσιν
1237 1912 1380 1988 ιῖνέψυχιν
1400 1911 1446 1968 τὸν
1460 1913 1577 1970 Ἄδωνιν.

378 2031 426 2096 lta
455 2032 599 2094 Amores.
647 2029 801 2110 Congruit
828 2048 904 2093 vero
931 2029 1019 2110 quod
1053 2029 1150 2093 etiam
1181 2028 1273 2110 pueri
1305 2027 1418 2092 minuti
1447 2029 1479 2092 in
1514 2029 1662 2094 domibus
1695 2030 1829 2094 divitum
1866 2035 2037 2113 gregatim

376 2139 545 2212 ludebant3
570 2136 693 2220 πλήθει
710 2133 899 2214 ἀθύρουσιν.
921 2143 1096 2217 τρέφουσιν
1118 2131 1153 2196 at
1174 2139 1318 2214 γυναῖκες
1335 2134 1412 2199 dicit
1426 2135 1553 2200 Cassius
1569 2137 1627 2200 Dio
1639 2137 1829 2214 XLVltllt;
1855 2140 2033 2204 »turbam«

377 2264 489 2309 eorum
512 2245 543 2307 in
573 2245 695 2308 harena
722 2244 809 2326 apud
831 2243 1008 2306 Martialem
1035 2241 1170 2306 vidimus
1191 2242 1217 2305 Il
1238 2242 1324 2319 75‚5
1347 2239 1399 2315 (ci.
1422 2262 1453 2324 p.
1476 2243 1562 2323 Xll);
1592 2263 1665 2307 cum
1693 2244 1837 2326 pluribus
1867 2265 1934 2310 una
1955 2267 2034 2313 rem

376 2351 476 2415 habet
497 2350 693 2416 Octavianus
715 2351 813 2431 (Suet.
841 2369 866 2413 c.
889 2350 959 2427 83),
989 2369 1062 2413 cum
1091 2348 1235 2432 pluribus
1262 2348 1359 2413 etiam
1388 2348 1534 2413 Tiberius
1565 2349 1707 2430 (Sueton.
1737 2371 1763 2415 c.
1792 2353 1860 2431 nu
1891 2355 2035 2436 pueruli

376 2461 555 2522 conlusores
572 2457 767 2522 inducuntur
787 2457 873 2538 apud
896 2457 1103 2539 spartianum
1125 2457 1157 2520 in
1178 2457 1295 2519 Severo
1318 2475 1344 2519 c.
1367 2456 1396 2531 4,
1415 2456 1452 2531 6;
1474 2460 1645 2538 propterea
1667 2458 1829 2523 collective
1852 2466 1894 2521 τά
1914 2463 2030 2542 γυμνοὶ

378 2564 522 2640 audiunt,
545 2564 587 2626 rut
612 2563 742 2649 usrdvpci
767 2564 852 2645 (vide
876 2564 962 2627 locos
984 2563 1066 2627 inira
1086 2562 1260 2644 allegatos).

482 2671 548 2734 lam
571 2691 647 2735 vero
677 2672 805 2735 tertium
837 2676 868 2736 et
889 2671 1113 2752 gravissimum
1135 2671 1204 2752 ipsa
1233 2669 1399 2735 nuditas
1422 2669 1522 2734 estin
1546 2688 1611 2751 quo
1641 2671 1765 2752 pueruli
1788 2672 1830 2735 illi
1852 2677 1884 2736 et
1904 2673 1968 2736 vivi
1993 2679 2031 2740 et

376 2781 444 2842 arte
474 2777 539 2842 ficti
568 2778 814 2859 participabant.
867 2778 907 2842 Et
936 2778 969 2840 in
999 2778 1214 2841 monumentis
1242 2777 1284 2855 de
1307 2776 1518 2858 Cupidinibus
1546 2776 1607 2841 hoc
1636 2778 1742 2841 valere
1771 2778 1797 2842 si
1818 2800 2026 2862 exponerem,

375 2885 497 2967 lignum
527 2905 587 2967 ego
615 2885 647 2948 in
674 2884 788 2949 silvam
809 2886 933 2949 ferrem.
977 2884 1028 2947 Sic
1057 2884 1209 2948 nimirum
1233 2884 1330 2947 etiam
1358 2885 1465 2947 neruus
1490 2888 1591 2947 Amor
1620 2885 1768 2949 scribitur
1794 2886 1880 2967 apud
1909 2894 2027 2969 poetas

376 2991 533 3074 (Propert.
554 2992 683 3055 monob.
707 2992 736 3069 2,
756 2993 792 3066 83
813 2990 905 3056 Ovid.
928 2992 1000 3055 Am.
1024 2992 1036 3055 Ι
1060 2993 1107 3066 10,
1121 2992 1153 3067 5;
1175 2992 1303 3055 Metam.
1327 2991 1357 3055 X
1378 2990 1468 3071 516);
1499 2991 1617 3070 γυμνός
1637 3011 1663 3055 e.
1684 3012 1713 3073 g.
1744 2993 1833 3074 apud
1853 2993 2026 3061 Moschum

375 3099 408 3163 iu
429 3100 548 3163 Amore
570 3099 702 3180 fugitivo
723 3119 752 3162 v,
777 3100 831 3176 15,
860 3097 948 3181 apud
968 3097 1120 3162 Nonnum
1148 3098 1238 3161 Dion.
1263 3099 1290 3175 7,
1306 3098 1384 3173 275;
1414 3099 1464 3175 48,
1486 3098 1559 3174 107;
1589 3099 1712 3181 ali0s²l.
1751 3100 1882 3164 Maximi
1911 3106 2025 3168 autem

374 3206 529 3270 momenti
549 3207 702 3288 estquod
725 3206 935 3270 demonstrari
957 3210 1062 3288 potest
1082 3226 1199 3288 pueros
1212 3205 1352 3269 minutos
1365 3225 1446 3287 quos
1467 3205 1595 3287 proprie
1614 3226 1767 3270 vocamus
1785 3207 1870 3289 ipsos
1891 3229 2025 3290 quoque

374 3316 407 3375 et
427 3331 553 3393 semper
572 3313 718 3394 quidem,
747 3317 783 3376 ut
803 3313 943 3389 ridetur,
972 3313 1136 3377 incessisse
1156 3313 1269 3376 nudos.
1312 3312 1386 3376 Eius
1415 3312 1459 3375 rei
1483 3332 1681 3394 quamquam
1705 3313 1807 3378 muita
1837 3317 2023 3382 testimonia

373 3423 502 3500 praesto
523 3438 588 3483 non
609 3424 696 3496 sunt,
724 3423 833 3484 tamen
856 3419 900 3483 ita
921 3423 996 3483 sunt
1017 3423 1205 3502 comparata
1227 3423 1263 3483 ut
1281 3439 1340 3501 pro
1362 3419 1506 3500 plurimis
1528 3419 1640 3483 haberi
1662 3419 1793 3501 possint.

471 3525 524 3588 Sic
558 3525 653 3606 plane
689 3526 815 3607 scripsit
839 3524 1042 3589 Herodianus
1073 3525 1105 3589 in
1133 3525 1198 3589 vita
1227 3525 1396 3589 Commodi
1425 3525 1438 3589 I
1469 3526 1516 3602 17,
1534 3529 1567 3592 3;
1607 3516 1646 3612 ἢν
1684 3527 1721 3588 δὲ
1758 3528 1812 3589 καὶ
1847 3527 2022 3590 παιδίον

374 3636 483 3693 πάνυ
504 3627 653 3715 νήπιον
673 3629 797 3695 τούτων
816 3630 857 3711 δυ’
878 3634 954 3693 τῶν
976 3635 1134 3711 γυμνῶν
1152 3637 1224 3711 μὲν
1247 3633 1443 3713 ἐσθῆτος,
1472 3637 1583 3714 χρυσῷ
1604 3633 1715 3696 δὲκαὶ
1738 3634 1843 3708 λίθοις
1865 3655 2021 3718 κεκοσμη-

372 3744 496 3819 μένον,
528 3729 574 3811 οἷς
595 3738 648 3800 δεῖ
670 3743 821 3819 χαίρουσι
841 3737 1005 3818 Ῥωμαίων
1027 3737 1058 3801 οἱ
1077 3742 1270 3821 τρυφῶντες.
1314 3739 1409 3803 Vides
1429 3759 1602 3823 puerorum
1626 3741 1719 3805 simul
1742 3745 1774 3804 et
1795 3761 1966 3807 numerum
1988 3748 2021 3808 et

375 3845 595 3909 nudationem.

471 3951 559 4017 Idem
581 3952 677 4016 etiam
700 3950 841 4015 afliciunt
862 3951 962 4015 verba
983 3951 1132 4015 breviora
1151 3952 1268 4034 quibus
1278 3952 1407 4017 Cassius
1424 3954 1484 4019 Dio
1493 3953 1603 4018 LXVII
1617 3954 1654 4016 15
1676 3953 1708 4016 in
1730 3959 1834 4018 morte
1845 3955 2020 4023 Domitiani

306 4056 310 4064 ’
369 4080 447 4125 usus
468 4064 531 4125 est:
562 4059 697 4120 παιδίον
715 4080 745 4120 τι
766 4062 831 4119 τῶν
852 4062 979 4136 γυμνῶν
1000 4062 1064 4119 τῶν
1088 4063 1257 4143 metopon
1286 4061 1518 4141 ponderandus
1546 4063 1592 4124 est
1623 4060 1733 4142 utique
1759 4062 1912 4126 articulus
1934 4065 2020 4146 retr-,-

371 4167 534 4248 intelleges
560 4168 681 4230 certam
705 4165 797 4247 quasi
819 4165 953 4229 classem
976 4165 1042 4229 sive
1060 4165 1198 4246 speciem
1221 4166 1317 4230 fuisse
1340 4167 1520 4243 infantium,
1543 4167 1598 4248 qui
1622 4168 1819 4232 vocabantur
1841 4170 1882 4231 rui
1902 4184 2018 4254 γυμνά·

467 4273 662 4355 Explicatius
690 4272 818 4337 Cassius
850 4273 910 4338 Dio
941 4273 981 4336 de
1011 4292 1046 4336 re
1081 4273 1195 4337 eadem
1226 4273 1356 4338 feliciter
1389 4274 1468 4339 dixit
1499 4274 1542 4338 ad
1572 4292 1694 4338 annum
1728 4277 1767 4340 38
1800 4295 1829 4339 a.
1864 4275 1938 4339 Chr.
1976 4296 2017 4353 n,

369 4379 493 4444 XLVIII
506 4380 556 4457 44,
578 4380 634 4443 ubi
654 4378 736 4443 haec
750 4383 841 4443 sunt:
864 4378 1037 4441 παιδίον·
1058 4382 1340 4466 cernunturque
1361 4372 1431 4443 oia
1451 4377 1487 4441 αἱ
1507 4384 1651 4459 γυναῖκες
1670 4404 1714 4462 γυ
1721 4382 1802 4463 μνοὲ
1827 4381 1869 4454 ὠς
1893 4378 2019 4466 πλήθει

470 4619 496 4687 1)
516 4615 568 4672 Sex
585 4618 767 4671 numerantur
781 4613 812 4669 in
830 4615 939 4684 pictura
956 4613 1005 4669 illa
1021 4614 1119 4670 mortis
1137 4614 1278 4681 Adonidis,
1297 4617 1385 4672 Raoul
1404 4615 1489 4671 Itoch.
1507 4616 1587 4673 choix
1605 4619 1662 4675 tab.
1681 4621 1705 4673 9.

473 4706 500 4773 2)
520 4703 601 4774 Apud
620 4703 757 4759 Catullum
782 4702 849 4756 68ss
871 4701 920 4754 134
947 4701 1086 4756 inducitur
1111 4703 1194 4756 Amor
1217 4717 1312 4757 crocco
1336 4701 1471 4758 conditius
1503 4706 1532 4759 in
1557 4707 1668 4774 παύσω
1692 4704 1710 4758 i.
1728 4722 1752 4760 e.
1779 4708 1837 4760 tarn
1860 4706 1953 4762 soluta
1976 4712 2018 4763 est

369 4789 505 4855 tunicula,
531 4793 563 4844 ut
587 4789 689 4845 candor
712 4787 831 4859 corporis
857 4788 1019 4859 pellucerct;
1044 4786 1079 4841 ci.
1102 4785 1219 4856 Vergilii
1244 4788 1311 4842 Aen.
1331 4788 1344 4841 Ι
1362 4788 1421 4844 711.
1462 4789 1507 4846 Ita
1529 4791 1660 4846 nimirum
1683 4790 1767 4847 etiam
1794 4791 1908 4849 Amores
1937 4812 2020 4865 saepe

370 4877 543 4947 chlamydem
561 4876 667 4932 habent
684 4875 769 4931 libera
787 4875 924 4937 fluentem,
944 4873 979 4928 cf.
999 4889 1023 4929 e.
1041 4891 1068 4943 g.
1085 4872 1206 4944 Helbigii
1224 4873 1441 4943 Waudgemtlde
1457 4895 1484 4932 n.
1505 4878 1556 4933 6³2
1571 4895 1629 4947 sqq.
