4792 6120
1143 471 1244 535 XXIV

369 668 439 732 alas
454 667 618 749 adpositas
629 687 696 732 esse
710 666 946 731 demonstrabo.
977 666 1012 730 Id
1027 686 1143 749 nempe
1154 667 1241 749 quod
1253 667 1302 730 vel
1315 667 1413 731 nostri
1426 668 1496 731 aevi
1507 667 1637 732 mimica
1652 670 1684 731 et
1698 666 1809 730 saitica
1822 686 1939 731 scaena
1950 687 2018 731 non

369 775 437 839 sine
450 794 576 838 summa
592 773 789 837 iucunditate
803 773 846 836 ad
861 773 1009 837 effectum
1023 774 1178 855 perducit,
1194 794 1236 839 an
1252 774 1486 855 incompertum
1501 775 1596 838 fulsse
1612 773 1783 838 credideris
1798 774 2017 838 sollertissimo

371 881 498 963 ingenio
513 881 742 963 antiquorum?
784 880 897 944 Tradit
912 879 1105 944 Plutarchus
1119 881 1151 945 in
1169 880 1235 945 vita
1249 880 1379 944 Antonii
1399 900 1425 943 c.
1444 881 1500 944 aa:
1523 880 1693 962 Cleopatra
1715 880 1862 962 Cydnum
1880 881 2019 945 lluviunr

373 988 502 1069 navigio
533 991 647 1051 aurato
678 986 854 1051 ascendens
881 986 951 1068 ipsa
977 987 1155 1052 recubabat
1183 988 1244 1051 sub
1273 987 1344 1051 velo
1372 1007 1470 1051 aureo
1497 988 1649 1069 graphice
1671 988 1829 1052 adornata
1848 992 2021 1070 tamquam

370 1095 491 1172 Venus,
524 1093 640 1165 παῖδες
669 1093 706 1155 δὲ
737 1097 804 1166 τοῖς
828 1097 992 1174 γραφικοῖς
1007 1090 1144 1173 Ἔρωσιν
1172 1093 1357 1173 εἰκασμένοι
1386 1094 1464 1172 παρ’
1493 1091 1645 1173 ἑκάτερον
1675 1092 1813 1167 ἑστῶτες
1844 1095 2019 1174 ἐρρίπιζον.

370 1200 440 1265 Hos
458 1221 574 1283 pueros
596 1201 736 1265 minutos
758 1201 853 1265 fuisse
875 1201 949 1266 inde
969 1202 1138 1266 manifesto
1159 1201 1294 1266 efficitur
1316 1201 1404 1283 quod
1424 1203 1582 1266 Amorum
1604 1206 1713 1283 partes
1734 1205 1844 1283 agunt.
1886 1202 1926 1265 Et
1941 1221 2022 1264 usos

374 1307 427 1371 hic
450 1309 596 1372 videmus
612 1307 759 1382 flabellis;
782 1307 841 1371 nisi
864 1308 943 1371 sorte
965 1307 1040 1389 ipsis
1061 1308 1119 1373 alis
1141 1307 1341 1372 ventilabant
1354 1308 1510 1371 Amorum
1533 1307 1611 1382 ritu;
1634 1309 1673 1371 cl.
1696 1307 1774 1372 illud
1797 1308 2024 1387 πτερύγεσσιν

369 1416 539 1500 οἱνέψυχεν
561 1414 649 1495 apud
670 1414 803 1478 Bionem
824 1414 965 1496 epitaph.
988 1414 1093 1478 Adon.
1113 1435 1143 1478 v.
1165 1416 1206 1479 85
1230 1413 1340 1496 (supra
1360 1435 1390 1496 p.
1411 1413 1530 1496 XVIII).
1574 1415 1626 1479 Sic
1648 1415 1752 1496 igiturr
1763 1416 1840 1497 pupi
1863 1415 1895 1479 in
1917 1414 2021 1497 Cupi·

372 1522 462 1585 dines
479 1521 801 1585 transformabantur.
843 1521 881 1584 Et
907 1519 986 1585 haec
1012 1520 1142 1603 quidem
1163 1520 1203 1584 de
1217 1520 1403 1602 Cleopatra;
1435 1541 1494 1585 nec
1514 1541 1590 1585 vero
1613 1521 1719 1586 differt
1739 1521 1827 1604 quod
1858 1522 1898 1586 de
1922 1521 2022 1586 Helio

372 1628 509 1692 Caesare
531 1628 720 1710 Spartianus
737 1647 762 1691 c.
780 1628 808 1704 5,
824 1628 875 1690 10:
899 1627 1083 1691 cursoribus
1104 1629 1173 1690 suis
1194 1631 1333 1708 ouernplo
1357 1627 1553 1711 Cupidinum
1574 1631 1646 1693 alas
1665 1630 1848 1711 frequenter
1868 1629 2024 1708 adposuit

370 1755 480 1820 eosque
498 1744 661 1799 uentorum
677 1735 858 1798 concidibus
880 1753 972 1817 saepe
994 1735 1140 1798 vocitavit
1162 1734 1294 1798 Borean
1315 1737 1425 1816 cliuus,
1449 1737 1549 1799 (clitum
1567 1736 1685 1799 Notum
1786 1735 1965 1819 appellans.

468 1842 537 1906 Hoc
560 1841 655 1906 addo.
701 1845 862 1922 Augustus
884 1845 1083 1924 quantopere
1109 1842 1247 1924 pupulos
1267 1842 1299 1905 in
1322 1842 1441 1906 deliciis
1462 1840 1611 1906 habuerit
1631 1862 1730 1924 supra
1752 1842 1931 1924 expositum
1953 1847 2024 1919 est,

372 1949 456 2013 idem
478 1949 645 2031 princeps,
675 1969 748 2012 cum
770 1948 952 2013 Germanici
974 1948 1088 2013 filiolus
1113 1949 1196 2013 »iam
1217 1969 1428 2031 puerascens«
1451 1954 1483 2013 et
1513 1950 1645 2030 >insigni
1668 1949 1854 2013 festivitate«
1879 1950 2023 2027 obiisset,

371 2057 439 2120 eius
469 2055 672 2136 »effigiem
705 2054 851 2120 habitu
877 2055 1110 2137 Cupidinis«
1146 2076 1244 2138 quam
1268 2057 1365 2120 etiam
1387 2056 1475 2120 Livia
1504 2056 1535 2120 in
1558 2058 1638 2121 aede
1659 2055 1858 2138 Capitolinae
1887 2056 2025 2121 Veneris

372 2163 554 2237 dedIcabat,
584 2163 650 2244 ipse
682 2162 733 2226 ›in
762 2161 909 2227 cubiculo
938 2183 996 2226 suo
1024 2162 1177 2244 positam,
1207 2163 1418 2246 quotiensque
1439 2163 1599 2238 introiret,
1622 2162 1885 2226 exosculabatur«
1917 2164 2022 2243 (Suet.

371 2270 469 2351 Calig.
493 2271 528 2344 7;
558 2289 657 2351 supra
684 2290 715 2351 p.
738 2268 817 2349 XII).
869 2269 947 2332 Vide
974 2289 1073 2351 quam
1103 2269 1195 2333 facile
1224 2269 1295 2333 alae
1324 2268 1469 2333 adiectae
1499 2269 1562 2333 sint
1592 2270 1624 2332 in
1654 2270 1901 2333 consecratione.
1950 2270 2021 2333 Iam

372 2396 447 2440 vero
468 2376 493 2439 si
516 2376 588 2458 quis
609 2377 770 2457 egregiam
791 2376 928 2457 Augusti
949 2379 1100 2452 statuam,
1123 2395 1206 2458 quae
1227 2376 1356 2440 Primae
1372 2376 1489 2440 Portae
1510 2375 1634 2453 dicitur,
1657 2376 1839 2457 respexerit,
1861 2395 1925 2439 non
1949 2377 2024 2442 sine

374 2483 586 2547 admiratione
608 2484 760 2545 Amorem
783 2481 826 2544 ibi
848 2483 1022 2564 pupulum,
1050 2483 1234 2564 parvulum,
1266 2483 1344 2564 quin
1366 2484 1464 2547 etiarn
1486 2482 1593 2547 debito
1614 2483 1835 2560 minutiorom,
1858 2482 1900 2546 ad
1919 2483 2024 2565 pedes

371 2590 507 2671 Augusti
529 2590 561 2652 in
584 2588 735 2671 delphino
755 2589 917 2653 sedentem
943 2590 1170 2672 deprehendet.
1214 2591 1253 2654 Et
1270 2610 1381 2654 verum
1404 2589 1490 2653 hunc
1506 2609 1574 2652 esse
1594 2592 1745 2652 Amorem
1765 2588 1895 2652 Veneris
1917 2589 2024 2655 lilinm

370 2717 435 2760 non
454 2696 623 2778 delphinus
639 2696 758 2773 solum,
788 2696 845 2760 sed
865 2696 968 2778 magis
997 2696 1095 2760 etiarn
1117 2696 1247 2761 Veneris
1277 2717 1351 2761 curn
1373 2701 1467 2777 gente
1489 2696 1567 2759 Iulia
1581 2696 1730 2776 cognatio
1758 2695 1874 2777 prodit.
1924 2694 2025 2773 Quod

370 2809 407 2868 ut
422 2807 568 2867 constare
586 2803 667 2879 dicu,
688 2803 733 2866 ila
748 2806 856 2866 tamen
872 2822 937 2866 non
950 2802 1017 2866 sine
1035 2803 1154 2884 gaudio
1170 2803 1215 2867 sic
1232 2803 1408 2867 exhibitum
1423 2802 1598 2884 principem
1616 2820 1756 2881 agnosco
1773 2802 1829 2884 qui
1846 2802 2024 2883 pusionum

372 2915 440 2975 tam
458 2930 572 2975 amans
590 2909 686 2973 luerit
696 2909 729 2990 ¹).

468 3017 621 3098 Denique,
638 3016 693 3080 ubi
712 3015 752 3079 de
762 3017 908 3098 Augusto
923 3036 973 3080 res
988 3021 1044 3094 est,
1062 3016 1133 3098 quis
1149 3035 1214 3079 non
1232 3034 1379 3096 gemmae
1395 3013 1581 3096 splendidae
1598 3014 1782 3078 recordetur
1794 3015 2020 3093 ›Augusteae‹

372 3123 676 3204 Vindoboncnsisil,
706 3123 757 3187 cui
782 3123 915 3186 incisam
938 3123 1138 3203 imperatoris
1166 3122 1355 3203 apotheosin
1384 3141 1451 3185 esse
1473 3121 1630 3185 credunt?
1671 3121 1710 3185 Et
1736 3121 1769 3183 in
1799 3121 1866 3185 cius
1895 3122 2019 3201 generis

371 3230 496 3294 artificii
521 3230 783 3312 interpretatione
811 3249 931 3309 magna
960 3229 1088 3311 quidem
1124 3229 1251 3292 animus
1279 3228 1502 3291 incertitudine
1531 3227 1716 3302 obducitur;
1746 3227 1789 3290 nil
1817 3232 1928 3292 tamen
1949 3247 2013 3292 arn·

373 3336 536 3417 biguilatis
573 3337 672 3400 habet
705 3336 793 3419 quod
821 3338 1004 3417 Augustum
1041 3355 1113 3400 cum
1151 3336 1256 3398 Roma
1295 3334 1355 3398 dea
1394 3334 1427 3397 in
1465 3338 1630 3415 segmento
1670 3334 1817 3413 imaginis
1854 3335 2015 3416 superiore

372 3447 602 3525 recognorunt;
637 3443 680 3507 ad
716 3444 842 3507 laevam
872 3462 949 3507 vero
971 3443 1108 3523 Augusti
1139 3442 1199 3506 dea
1227 3440 1317 3504 humi
1350 3439 1492 3505 consedit
1520 3459 1593 3504 cum
1622 3459 1722 3504 cornu
1751 3440 1963 3520 Amaltheae,
1989 3446 2020 3506 et

372 3571 481 3615 secum
497 3571 570 3614 ecce
586 3551 685 3615 habet
697 3571 735 3614 ea
751 3570 867 3633 pueros
880 3551 1020 3614 minutos
1035 3550 1115 3614 duos
1129 3550 1267 3613 investes
1282 3548 1349 3612 slus
1364 3546 1434 3621 alis;
1454 3547 1575 3611 Caeam
1591 3547 1674 3610 hanc
1690 3547 1756 3610 sive
1767 3547 1929 3611 Tellurem
1953 3568 2020 3613 esse

374 3657 448 3722 inde
465 3657 710 3739 comprobatur,
740 3658 828 3740 quod
857 3657 953 3721 etiam
983 3656 1036 3720 alii
1058 3657 1195 3721 artifices
1215 3660 1247 3721 et
1274 3655 1438 3719 sedentem
1458 3654 1541 3717 hanc
1571 3654 1665 3716 deam
1689 3658 1720 3717 cl
1743 3673 1843 3718 romu
1862 3656 2021 3720 ubertatis

370 3767 533 3827 tenentem
552 3768 584 3827 et
606 3783 625 3827 a
646 3764 782 3845 propriis
803 3763 886 3828 binis
908 3763 1084 3827 Infantibus
1106 3762 1339 3827 circumdatam
1359 3760 1539 3841 fingebant;
1566 3761 1741 3843 specimina
1762 3762 1862 3824 videri
1884 3768 2022 3843 possunt

375 3869 463 3951 apud
486 3869 589 3933 Conze
606 3869 748 3934 Heroen-
765 3871 832 3935 und
856 3870 1141 3951 Goettergestalten
1165 3869 1209 3932 tb.
1232 3868 1307 3932 LVI.
1349 3869 1448 3931 Amat
1468 3887 1584 3949 nempe
1605 3867 1711 3930 Tellus
1733 3873 1836 3932 mater
1855 3868 2019 3949 pusiones,

371 3975 541 4039 mulierum
563 3976 706 4054 delicias,
738 3981 905 4060 tamquam
933 3977 1103 4041 fertilitatis
1131 3980 1164 4040 et
1191 3975 1409 4039 abundantiae
1431 3979 1597 4038 maternae
1627 3975 1817 4038 testimonia.
1866 3975 1949 4040 Ilinc
1973 3980 2024 4041 est

371 4082 459 4163 quod
481 4082 551 4164 ipsa
571 4102 699 4165 quoque
723 4083 952 4149 ›Abundantia
971 4088 1171 4166 temporum«
1193 4081 1225 4145 in
1247 4086 1377 4145 moneta
1386 4081 1551 4145 Corneliae
1567 4080 1738 4144 Saloninae
1753 4080 1886 4144 Gallieni
1909 4083 2022 4147 uxoris

372 4186 418 4251 ita
439 4187 628 4267 illustratur,
659 4194 695 4254 ut
723 4191 865 4272 puerulis
886 4189 981 4254 nudis
1004 4189 1259 4270 circunrstipetur
1280 4188 1396 4270 quibus
1416 4207 1531 4251 aureos
1552 4186 1737 4260 distribuat;
1767 4187 1885 4250 adsunt
1909 4192 2023 4254 autern

374 4292 417 4357 ibi
438 4296 529 4377 pueri
561 4296 703 4379 quinque
724 4316 858 4361 numero
868 4296 903 4377 ⁸).
954 4296 1111 4360 Necnon
1139 4295 1279 4360 indidem
1310 4295 1505 4377 eprIcatum
1534 4292 1632 4356 habet
1654 4293 1741 4376 quod
1763 4295 1860 4357 eliam
1884 4294 2024 4378 Priapus

372 4399 581 4467 fertilissimus
597 4403 648 4466 ille
664 4402 797 4467 deorum
817 4423 890 4467 cum
909 4403 1020 4466 iisdem
1038 4401 1157 4466 deliciis
1174 4402 1279 4466 lusum
1293 4402 1389 4484 gerit;
1413 4401 1486 4464 vide
1501 4400 1597 4464 modo
1612 4400 1854 4465 formosissimus
1869 4402 2023 4483 pusiones

373 4528 448 4571 cum
475 4508 592 4590 Priapo
621 4509 653 4573 in
683 4514 790 4574 statua
827 4509 969 4573 exhibita
999 4509 1086 4591 apud
1115 4507 1218 4573 Conze
1246 4509 1266 4572 l.
1294 4508 1313 4571 l.
1344 4508 1410 4572 tab.
1431 4506 1578 4572 LXXVII.
1629 4508 1697 4571 Iam
1725 4527 1801 4571 vero
1829 4508 1862 4571 in
1890 4528 2024 4588 gemma

478 4771 500 4839 l)
521 4769 564 4825 Sic
581 4769 652 4826 Inlia
669 4787 731 4826 cum
752 4789 851 4841 »parvo
870 4769 1017 4841 Cupidine«
1038 4771 1112 4840 apud
1131 4770 1286 4825 Martialem
1305 4769 1341 4823 Vl
1364 4770 1395 4824 13
1413 4771 1547 4826 statuario
1565 4788 1646 4841 opere
1664 4769 1790 4825 dedicata
1807 4774 1856 4825 est.

476 4856 503 4924 2)
522 4875 546 4910 v.
567 4873 589 4911 e.
609 4875 637 4926 g.
654 4858 769 4928 Mongea
788 4858 969 4929 lconograph.
988 4859 1066 4912 Rom.
1085 4857 1122 4927 pl.
1144 4857 1189 4921 19;
1218 4855 1386 4911 Baumeister
1403 4876 1430 4912 n.
1450 4858 1523 4913 1793.

471 4942 498 5011 3)
518 4960 544 4996 v.
564 4942 732 5002 Baumeister
751 4945 797 5016 lig.
816 4946 866 5000 627
886 4964 918 5002 ex
936 4944 1100 5001 Froehnero.
