4792 6120
956 441 997 506 Xl

157 637 400 703 ποθεινότατον
421 638 562 715 (Anthol.
584 637 651 702 Pal.
674 638 812 720 append.
834 638 860 702 ll
884 639 958 713 1703
980 641 1012 702 et
1034 637 1106 701 vide
1126 635 1245 700 ibidem
1265 638 1344 713 4593
1364 636 1457 716 473),
1479 640 1511 702 et
1532 635 1575 700 illi
1600 635 1722 719 »pusilli
1742 636 1798 702 filii

156 746 279 811 subulci
302 746 434 811 hircosi‹
457 745 544 828 apud
565 743 743 809 Martialem
765 743 794 809 X
815 745 865 821 98,
887 746 933 808 10.

261 853 353 917 Certe
382 871 458 915 vero
490 849 590 915 simile
618 850 696 932 quid
729 854 777 914 est
805 850 838 914 in
867 849 990 914 Bissula
1019 848 1072 912 illa
1097 847 1247 921 Ausonii:
1285 867 1383 930 quam
1412 852 1444 912 et
1473 848 1674 913 ›alumnam‹
1705 868 1798 913 snam

156 958 317 1023 Ausonius
338 961 432 1022 vocat
454 956 552 1037 (XXV
573 958 587 1020 1
608 956 657 1020 ed.
680 955 842 1036 Schenkl.)
872 959 904 1020 et
928 953 1185 1036 ›virgunculam‹
1210 953 1297 1035 (ibid.
1317 954 1345 1031 1,
1363 953 1405 1036 d).
1448 955 1486 1020 Bt
1507 955 1644 1036 primum
1667 954 1798 1037 quidem

157 1064 315 1128 dominari
337 1063 460 1129 Bissula
488 1063 592 1127 inians
621 1061 735 1127 dicitur
767 1062 910 1127 »ineius
938 1061 1057 1125 deliciis
1084 1061 1174 1126 cuius
1202 1060 1316 1125 bellica
1344 1061 1466 1143 praeda
1486 1061 1562 1126 suit«
1590 1061 1678 1143 (ibid.
1697 1062 1728 1140 4,
1744 1060 1796 1143 l);

157 1171 263 1235 Sueba
282 1174 391 1234 autem
412 1173 459 1234 est
480 1169 617 1251 origine,
647 1168 702 1233 sed
723 1168 835 1233 Latine
861 1168 994 1251 loquens
1023 1167 1110 1250 (ibid.
1133 1168 1162 1243 1,
1183 1165 1243 1248 11).
1292 1167 1362 1249 Ipse
1382 1186 1459 1232 vero
1481 1167 1642 1233 Ausonius
1663 1169 1706 1233 ad
1724 1187 1797 1233 eam

156 1275 251 1355 haec,
281 1276 356 1341 ibid.
380 1296 407 1340 c.
425 1278 462 1339 5:

542 1377 732 1443 Delicium,
757 1376 921 1440 blanditiae,
944 1375 1062 1440 ludus,
1086 1393 1177 1441 amor,
1202 1377 1336 1446 voluptas,
1446 1402 1453 1416 ·

542 1464 677 1528 Barbara,
700 1464 747 1519 sed
765 1479 834 1532 quae
853 1461 946 1517 Latias
965 1462 1051 1516 vincis
1069 1464 1181 1518 alumna
1197 1480 1317 1534 pupas.

155 1564 239 1644 Ergo
259 1561 384 1626 Bissula
405 1564 437 1624 et
457 1579 545 1642 pnpa
573 1563 621 1623 est
644 1562 676 1623 et
697 1557 843 1621 delicium
866 1561 898 1622 et
919 1556 1021 1622 ludus.

258 1667 407 1731 Eiusdem
431 1665 553 1747 generis
574 1664 731 1746 pupulum
753 1663 926 1728 Domitiani
946 1664 1113 1728 alumnum
1141 1663 1173 1727 in
1192 1670 1295 1729 morte
1313 1663 1485 1730 Domitiani
1508 1669 1634 1747 partem
1653 1666 1795 1749 aliquam

156 1775 256 1855 egisse
281 1777 392 1837 narrat
419 1771 545 1836 Cassius
575 1771 640 1836 Dio
662 1768 771 1834 LXVII
794 1771 844 1846 15,
874 1769 930 1834 ubi
962 1769 1002 1834 de
1032 1770 1223 1852 imperatore
1252 1771 1349 1836 haec:
1379 1771 1420 1834 wi
1452 1770 1601 1854 ὀνόματα
1622 1793 1795 1837 —eorum

155 1881 275 1945 scilicet
294 1899 374 1962 quos
401 1897 517 1943 necare
538 1877 668 1942 volebat
695 1911 733 1922 -
761 1876 793 1949 ἐς
824 1876 973 1939 σανίδιον
1002 1875 1167 1961 φιλύρινον·
1188 1877 1327 1959 δίθυρον
1350 1878 1514 1966 ίςγροίιγας
1532 1878 1600 1943 ύπδ
1632 1880 1670 1941 τδ
1701 1903 1794 1960 προς-

156 1985 333 2068 κεηύλαιον
354 1985 390 2048 ἐν
406 1988 446 2067 τῇ
463 1985 554 2067 κλίνη
576 1984 612 2046 ἐν
636 1972 658 2067 ᾗ
682 1981 868 2047 ἀνεπαύετο
890 1982 1049 2066 ύπίθηκε·
1077 1984 1131 2046 καὶ
1163 1982 1246 2049 αύτδ
1273 1984 1450 2047 παιδίον
1470 2008 1508 2048 τι
1528 1987 1608 2047 τῶν
1629 1989 1795 2068 γυμνῶν

154 2095 232 2153 τῶν
255 2093 451 2179 (μιθνροῐν
469 2089 692 2164 καθεύδοντος
713 2089 815 2154 αὐτοῦ
834 2090 913 2171 μεθ’
933 2090 1058 2172 ἡμέραν
1081 2089 1285 2173 α’φελόμενον
1306 2082 1403 2171 εἶχεν,
1425 2090 1482 2154 ούκ
1501 2093 1587 2166 είδδς
1605 2089 1624 2155 ὅ
1644 2116 1674 2156 τι
1694 2102 1793 2176 φέροι.

154 2201 378 2280 πρυςτυχοῦσα
400 2198 437 2260 δὲ
457 2198 547 2279 αύτῷ
567 2198 587 2282 ἠ
608 2202 747 2278 Δομιτία
768 2195 810 2259 τά
830 2220 866 2258 τε
888 2204 1091 2277 γεγραμμένα
1114 2197 1235 2278 α’νίγνιο
1255 2198 1308 2260 καὶ
1331 2197 1473 2284 ἐμήνυσε
1493 2200 1559 2263 κτλ.

251 2306 385 2370 Prorsus
411 2304 497 2369 idem
526 2304 638 2369 iisdem
668 2303 827 2369 coloribus
858 2304 890 2368 in
921 2304 987 2369 vita
1016 2303 1184 2369 Commodi
1219 2304 1317 2370 fusius
1346 2311 1512 2371 narratum
1540 2311 1588 2372 est
1617 2307 1659 2371 ab
1692 2305 1794 2370 Hero·

155 2411 252 2476 diano
274 2412 342 2476 117
365 2412 422 2476 ubi
450 2412 545 2476 etiam
568 2411 697 2476 nomine
715 2411 967 2475 Philocommodi
989 2411 1140 2492 puerulus
1161 2416 1309 2476 ornatur:
1330 2410 1528 2494 ὑπερηγάπα
1551 2412 1624 2476 δὲό
1645 2411 1797 2494 Κόμοδος

154 2517 236 2579 αύτδ
260 2517 300 2590 ae
322 2517 560 2597 συγκαθεύδειν
582 2517 735 2590 πολλάκις
759 2517 978 2596 Φιλοκόμοδός
999 2539 1035 2578 τε
1056 2517 1200 2579 ἐκαλεῖτο
1207 2542 1219 2595 ,·
1249 2518 1343 2583 simul
1371 2524 1479 2584 autem
1512 2521 1684 2585 amabatur
1712 2538 1792 2604 puer

155 2625 250 2688 etiam
274 2644 294 2688 a
315 2624 435 2688 Marcia
456 2624 659 2707 amplexante
676 2644 749 2689 eum
771 2628 803 2689 et
829 2625 992 2689 osculante
1006 2624 1039 2707 ¹).
1081 2625 1203 2690 Eadem
1232 2625 1369 2708 denique
1390 2627 1430 2691 de
1453 2629 1622 2709 ›parvulo‹
1653 2628 1716 2692 hoc
1735 2645 1794 2708 per

155 2731 380 2813 compendium
400 2732 527 2813 repetiit
547 2732 749 2814 Lampridius
770 2731 803 2796 in
823 2731 989 2796 Commodi
1011 2731 1097 2796 vitae
1118 2751 1144 2796 c.
1167 2734 1196 2808 9,
1215 2733 1243 2797 3.

258 2838 293 2901 ln
314 2837 487 2902 Caesarum
509 2837 629 2919 palatio
651 2837 742 2903 haud
763 2837 913 2919 exiguum
932 2857 1102 2902 numerum
1118 2837 1233 2902 horum
1255 2858 1438 2921 puerorum,
1458 2859 1559 2904 unum
1579 2842 1687 2904 autern
1710 2839 1793 2904 inter

154 2963 208 3007 eos
227 2944 319 3009 facile
343 2944 573 3025 praedilectum
601 2944 696 3009 fuisse
720 2944 785 3009 iarn
815 2963 854 3008 ex
875 2943 924 3008 his
951 2963 1034 3028 quae
1063 2945 1227 3027 composui
1250 2944 1414 3027 colligitur.
1463 2946 1551 3010 ldem
1581 2945 1733 3010 docemur
1757 2946 1791 3010 in

154 3051 221 3115 vita
243 3050 388 3132 Augusti.
431 3050 478 3115 De
502 3052 647 3133 Augusto
668 3051 837 3116 Suetonius
857 3050 939 3114 haec
958 3049 991 3131 (l.
1012 3048 1062 3131 l.):
1100 3051 1177 3116 talis
1198 3057 1254 3116 αιιί
1278 3054 1416 3117 ocellatis
1443 3053 1637 3134 nucibusque
1665 3052 1792 3117 ludebat

153 3178 224 3220 cum
247 3158 361 3241 μιιενίε
385 3158 535 3236 urinalia,
565 3176 643 3238 quos
669 3157 756 3241 facie
783 3164 811 3221 et
829 3156 1019 3241 garrulitate
1039 3157 1185 3222 amabilis
1214 3159 1354 3240 undique
1375 3159 1590 3240 conquirebat,
1617 3161 1791 3240 praecipue

153 3263 287 3328 Mauros
316 3270 343 3326 el
372 3263 478 3345 Syros.
526 3284 602 3327 nom
628 3263 767 3343 pumilos
796 3270 889 3345 ιιίηιιο
917 3263 1063 3329 distortos
1083 3271 1111 3328 el
1140 3266 1243 3329 ουιιιίε
1270 3266 1392 3347 perieris
1419 3265 1556 3330 eiusdem
1585 3273 1620 3330 ut
1648 3267 1790 3331 ludibria

154 3379 292 3434 acturae
315 3371 452 3451 ινιοίίριιο
473 3371 587 3433 ominis
613 3369 809 3434 αίιίιοννιόοί.
858 3370 953 3434 Vides
979 3369 1156 3453 principem
1177 3371 1258 3436 inter
1281 3391 1415 3453 »pueros
1434 3372 1592 3436 minutos«
1615 3372 1788 3438 detentum.

154 3479 316 3557 Augustus
337 3481 445 3541 autem
469 3476 629 3558 »undique
649 3476 860 3559 conquirebat
875 3477 1003 3541 Mauros
1024 3481 1055 3541 et
1074 3477 1207 3559 Syros‹;
1230 3477 1262 3541 id
1283 3483 1330 3542 est
1356 3479 1522 3543 coemebat
1540 3478 1707 3554 nimirum;
1730 3497 1790 3542 nec

153 3583 256 3645 solum
272 3583 399 3647 Mauros
412 3587 443 3647 et
457 3583 562 3666 Syroa
582 3583 639 3648 sed
650 3583 884 3648 Alexandrinos
897 3603 1025 3666 quoque
1037 3584 1100 3649 erni
1113 3584 1222 3649 solitos
1240 3604 1308 3649 esse
1323 3585 1405 3649 infra
1422 3604 1481 3649 nos
1493 3584 1614 3649 Statius
1635 3584 1789 3649 edocebit.

154 3687 255 3752 Porro
275 3689 392 3753 multos
421 3689 488 3754 sine
516 3690 614 3754 dubio
635 3709 701 3755 una
722 3690 864 3755 habebat
886 3691 1047 3773 princeps;
1085 3691 1262 3774 ›undique‹
1294 3692 1378 3755 enim
1409 3692 1633 3774 conquisivisse
1664 3691 1788 3755 dicitur.

152 3794 369 3861 Praedilectus
388 3800 496 3861 autem
512 3797 657 3879 Augusto
675 3797 767 3879 pusio
776 3816 860 3862 unus
878 3796 1006 3862 nomine
1021 3796 1208 3862 Sarmentus
1224 3802 1421 3863 memoratur
1437 3798 1524 3880 apud
1532 3798 1738 3862 Plutarchum
1756 3799 1790 3862 in

152 3903 220 3966 vita
235 3903 364 3967 Antonii
376 3922 401 3967 0.
414 3905 470 3968 59:
494 3901 512 3966 δ
529 3903 566 3965 δὲ
579 3902 764 3984 Σάρμεντος
777 3893 816 3988 ἦν
830 3905 896 3965 τῶν
907 3907 1069 3983 Καίσαρος
1083 3908 1241 3984 παιγνίων
1258 3903 1441 3985 παιδάριον,
1462 3902 1485 3967 οἳ
1500 3904 1626 3986 δηλίκια
1641 3903 1789 3984 Ῥωμαῖοι

153 4008 316 4072 καλοῦσιν.
356 4010 396 4073 Et
415 4009 478 4074 hoc
499 4009 630 4093 quidem
649 4009 719 4074 loco
741 4010 914 4076 infantulos
935 4016 1069 4090 παίγνια
1090 4011 1248 4076 nominari
1269 4011 1489 4089 observemns3
1519 4012 1654 4076 eandem
1675 4030 1790 4075 vocem

153 4119 288 4195 παίγνια
310 4134 349 4180 ex
366 4114 539 4181 Plutarcho
562 4116 614 4181 Ad
635 4135 768 4181 uxorem
788 4120 821 4182 et
841 4137 880 4182 ex
903 4117 1014 4183 incerti
1040 4116 1271 4200 epigrammate
1292 4117 1421 4183 Anthol.
1441 4118 1510 4183 Pal.
1532 4117 1585 4182 Vll
1601 4119 1662 4183 483
1690 4136 1789 4199 supra

251 4281 275 4350 Ι)
295 4281 380 4335 Locus
397 4282 493 4352 plenus
510 4283 549 4338 sic
565 4281 702 4354 procedit:
723 4269 758 4355 ἦν
775 4283 807 4337 δι’
823 4301 851 4338 τι
871 4283 986 4337 παισῖον
1002 4280 1077 4337 πάνυ
1095 4280 1204 4354 νήπιον,
1225 4279 1328 4336 τούτων
1345 4278 1377 4354 δὴ
1397 4282 1451 4337 τῶν
1469 4281 1582 4356 γυμνῶν
1598 4282 1652 4356 μὲν
1672 4278 1791 4354 ἐσθῆτος

148 4365 242 4439 χρυσῷ
259 4365 289 4420 δὲ
308 4368 355 4420 καί
373 4368 466 4428 λίθοις
482 4369 645 4442 πολυτίμοις
663 4368 892 4441 κεκοσμημένων,
911 4361 953 4429 οἷς
969 4363 1015 4422 αέἰ
1028 4370 1158 4442 χαίρουσι
1176 4363 1311 4441 Ήομαίων
1329 4369 1356 4422 ol
1373 4369 1538 4444 τρυφῶντες.
1575 4365 1742 4442 ύπερηγιίπα
1760 4366 1791 4420 δὲ

152 4446 167 4504 ὅ
187 4447 316 4525 Κύμοδος
332 4448 399 4507 ariri
412 4447 448 4514 ὥς
460 4452 667 4524 συγκαθεύδειν
678 4452 824 4514 πολλάκις·
848 4451 1040 4527 Φιλυκόμοδδς
1058 4473 1089 4508 τε
1107 4450 1241 4521 ἐκαλεῖτο,
1260 4451 1441 4526 δεικνυούσης
1453 4455 1521 4525 [aaa]
1541 4455 1588 4527 τῆς
1605 4455 1791 4529 προςηγορίας

152 4532 204 4609 τὴν
225 4534 346 4612 στοργὴν
370 4534 421 4611 τὴν
446 4537 475 4600 ἐς
499 4535 548 4594 τὸν
564 4540 648 4594 παῖδα
666 4538 716 4595 τοῦ
732 4538 870 4610 βασιλέως.
906 4535 937 4593 τὸ
961 4535 993 4610 δὴ
1016 4539 1130 4592 παιδίον
1147 4539 1228 4594 τοῦτο
1246 4536 1333 4600 ἄλλοις
1351 4536 1509 4614 ιῖθῦρον,
1533 4539 1723 4614 προελθόντος
1741 4538 1789 4594 τοῦ

154 4623 287 4698 Κομύδου
305 4623 351 4680 ἐπὶ
368 4622 402 4680 τὰ
421 4623 530 4697 συνήθη
552 4623 652 4698 λοοτριί
677 4644 708 4681 τε
732 4627 780 4680 καί
797 4623 967 4698 κραιπδλιις,
992 4621 1140 4699 είςδραμὸν
1158 4623 1253 4686 ἐςτίν
1271 4623 1402 4699 θάλαμον
1419 4621 1508 4701 ὥςπερ
1527 4624 1633 4694 είύθει,
1654 4622 1684 4681 τὸ
1702 4645 1790 4700 γραμ-

151 4717 270 4781 ματεῖον
288 4711 328 4778 (in
343 4729 397 4781 quo
415 4711 518 4768 scilicet
531 4729 598 4782 quoa
612 4711 745 4768 occisurus
761 4716 822 4768 erat
833 4713 1006 4768 Domitianus
1022 4711 1228 4782 oonmripserai)
1248 4710 1293 4766 ἐπὶ
1313 4711 1361 4766 τοῦ
1377 4713 1528 4786 σκίμποδος
1544 4717 1677 4787 κείμενον
1695 4709 1790 4768 α’νελό·

150 4815 240 4866 μενον
257 4797 304 4851 ίνα
322 4795 355 4871 δὴ
373 4803 484 4864 παίζειν
501 4798 572 4871 ἔχοι,
599 4796 709 4871 πρόεισι
728 4798 777 4853 τοῦ
794 4800 881 4853 οἴκου.
917 4795 987 4854 κατὰ
1007 4798 1039 4853 δέ
1055 4817 1118 4852 τινα
1146 4799 1265 4873 δαίμονα
1286 4797 1406 4870 currina
1431 4799 1464 4874 τῇ
1482 4801 1605 4874 Μαρκίη.
1637 4795 1702 4872 ἦδέ
1719 4801 1789 4867 (καί

154 4876 240 4954 αὐτὴ
259 4879 326 4958 γὰρ
345 4884 498 4959 ἔστεργε
517 4881 552 4939 τὸ
567 4884 727 4951 παιδίον)
749 4883 939 4958 περιπτύξασα
964 4887 1012 4940 καὶ
1036 4883 1154 4956 φιλοῦσα
1179 4881 1210 4939 τὸ
1234 4892 1429 4958 γραμματεῖον
1446 4880 1622 4959 ἀφαιρεῖται,
1646 4885 1788 4940 δεδοικυῖα

151 4961 210 5038 [δὴ]
228 4964 268 5040 μη
288 4989 315 5024 τι
334 4970 387 5024 ταῖν
406 4967 568 5043 α’ναγκαίοιν
584 4966 639 5026 tut
658 4967 824 5042 νηπιότητος
841 4966 989 5042 [ύγνοούνΙ
1008 4977 1106 5037 παῖζον
1125 4972 1288 5045 διαφθείρη.

1595 5063 1631 5116 2.
