4792 6120
1178 442 1207 507 X

368 639 406 703 ln
427 638 543 705 Catulli
565 640 674 703 aulem
695 642 844 719 poemate
864 656 941 703 vera
961 643 1112 705 venustas
1133 646 1180 706 est
1195 646 1228 706 et
1249 640 1353 722 gratia
1370 640 1499 723 puerilis
1520 663 1604 726 quae
1625 664 1645 708 a
1667 646 1799 712 distorta
1814 652 2011 733 pumilorum

371 746 571 811 deformitate
591 745 743 810 latissime
764 745 868 810 distat.

468 852 539 917 Fuit
562 856 669 916 autem
699 851 884 916 deliciarum
905 851 1088 917 huiusmodi
1114 852 1211 917 etiam
1239 853 1376 917 alterurn
1402 874 1515 936 genus,
1545 856 1587 921 ad
1613 859 1701 940 quod
1721 879 1876 944 provoco,
1905 871 2011 939 minus

372 959 458 1034 illud,
480 959 506 1023 si
523 959 571 1024 dis
592 957 706 1040 placet,
728 958 865 1023 crudelis
879 959 977 1023 animi
995 963 1027 1024 et
1048 959 1150 1040 magis
1172 960 1357 1025 innocentis.
1402 960 1476 1039 Viri,
1498 964 1626 1045 saepius
1648 966 1745 1030 etiam
1767 971 1915 1040 mulieres
1936 998 2011 1044 cum

370 1066 572 1149 pusionibus,
603 1066 657 1148 qui
679 1085 781 1130 annos
802 1067 917 1131 aetatis
942 1070 1094 1149 quattuor
1116 1066 1166 1131 vel
1187 1087 1242 1131 sex
1267 1069 1356 1133 haud
1377 1075 1591 1148 excesserant,
1621 1072 1727 1137 lusum
1747 1078 1915 1159 gerebant,
1945 1105 2011 1152 non

370 1174 437 1237 sine
467 1193 591 1238 venere.
644 1172 706 1236 Eos
743 1173 870 1254 proprie
909 1173 1017 1237 vocari
1052 1173 1216 1238 ›delicias‹
1253 1175 1327 1239 olim
1371 1178 1517 1258 exposuit
1547 1178 1756 1247 Casauhouus
1794 1185 1837 1250 ad
1865 1188 2009 1258 Suetonii

370 1280 482 1344 Octav.
506 1298 532 1343 c.
554 1280 604 1343 83.

474 1386 514 1450 Et
542 1385 681 1467 primum
710 1384 877 1449 accidebat
907 1384 994 1466 quod
1022 1384 1181 1467 hodieque
1208 1385 1338 1460 accidit,
1368 1389 1405 1449 ut
1433 1392 1552 1454 matres
1581 1411 1656 1457 suos
1682 1393 1816 1461 infantes
1844 1418 1907 1464 non
1929 1422 2005 1469 vero

370 1512 480 1558 amore
499 1496 646 1556 materno
666 1493 859 1568 educarent:
882 1490 939 1554 sed
962 1490 1145 1555 educandos
1162 1490 1232 1553 aliis
1254 1489 1418 1555 traderent
1438 1511 1497 1555 nee
1520 1495 1578 1559 nisi
1599 1518 1659 1579 pro
1680 1501 1829 1581 ludibrio,
1851 1506 2005 1590 καθάπερ

371 1604 520 1679 παίγνια,
546 1599 572 1661 si
595 1598 721 1663 animus
742 1597 873 1673 ferebat,
895 1596 1045 1660 manibus
1067 1600 1099 1659 et
1119 1595 1202 1660 ulnis
1230 1597 1439 1677 susciperent;
1471 1598 1532 1664 hoc
1560 1601 1636 1669 illud
1659 1613 1707 1671 est
1736 1611 1824 1692 quod
1850 1612 2006 1696 vituperat

368 1704 561 1770 Plutarchus
583 1704 614 1767 in
637 1703 851 1768 consolatione
872 1703 1066 1767 adunarem
1089 1721 1114 1766 c.
1137 1701 1200 1782 6¹).

471 1811 670 1876 decidebant
699 1811 796 1876 etiam
823 1811 902 1875 talia
926 1810 1077 1874 nimirum
1107 1809 1215 1892 qualia
1235 1809 1476 1893 Theophrastus
1506 1814 1587 1878 inter
1609 1820 1853 1887 consuetudines
1876 1825 2009 1892 tradidit

371 1919 536 1983 hominum
570 1918 664 1982 nimis
695 1918 841 2001 placendi
872 1917 1088 1982 studiosorum
1120 1915 1274 1997 (charact.
1304 1918 1351 1989 5l:
1392 1919 1436 1983 ad
1465 1938 1579 1985 cenam
1616 1923 1702 1987 enirn
1731 1932 1864 1993 vocatus
1896 1934 2012 2016 aliquis

371 2026 528 2107 hospitem
550 2026 638 2090 iubet
658 2044 817 2089 arcessere
838 2025 987 2101 iniantes;
1018 2024 1072 2088 uhi
1093 2027 1266 2099 venerunt,
1295 2025 1379 2105 patri
1400 2025 1564 2091 similiores
1585 2028 1661 2093 dicit
1688 2050 1787 2112 quarn
1810 2034 1859 2097 lac
1880 2036 1954 2101 lacti
1981 2045 2013 2105 et

371 2134 413 2197 ad
435 2152 469 2196 se
491 2132 621 2197 trahens
643 2132 804 2196 osculatur
823 2135 855 2195 et
875 2130 918 2195 ad
947 2150 981 2194 se
1004 2130 1160 2203 consistam
1192 2130 1329 2214 denique
1351 2151 1423 2196 cum
1449 2132 1518 2197 aliis
1543 2154 1654 2200 eorum
1674 2136 1752 2202 ludit
1776 2139 1843 2220 ipse
1865 2143 2010 2209 clamans

370 2237 488 2316 ἀσκός,
520 2238 668 2316 πέλεκυς,
698 2238 777 2303 alios
798 2239 830 2301 in
849 2242 961 2302 ventre
982 2237 1120 2302 dormire
1141 2238 1215 2302 sinit
1235 2256 1299 2302 non
1323 2238 1391 2302 sine
1411 2259 1531 2321 pressu.

468 2346 512 2410 At
539 2365 615 2409 vero
646 2345 742 2409 etiam
771 2345 891 2409 alienos
919 2344 1089 2409 infantulos
1121 2344 1243 2427 lepidos
1273 2349 1423 2409 venustos
1451 2347 1538 2428 apud
1566 2348 1679 2413 divites
1704 2350 1746 2414 ali
1777 2351 1885 2417 solitos
1914 2359 1945 2418 et
1978 2356 2009 2420 in

371 2458 596 2519 ornamentum
617 2453 702 2516 vitae
723 2453 883 2517 adhibitos
902 2472 970 2516 esse
989 2452 1134 2534 plurimis
1155 2451 1343 2515 testimoniis
1363 2451 1508 2517 firmabo.

472 2559 599 2624 Primus
622 2559 706 2623 adsit
735 2558 814 2623 mihi
832 2560 953 2624 Seneca
981 2557 1190 2641 philosophus
1211 2558 1265 2641 qui
1288 2577 1384 2622 senex
1405 2558 1437 2621 in
1459 2559 1549 2641 epist.
1572 2560 1655 2634 laa
1684 2562 1724 2626 de
1747 2562 1904 2628 Felicione
1927 2566 2010 2629 vilici

370 2668 418 2731 sui
447 2667 511 2731 filio
542 2686 647 2749 pauca
678 2666 942 2741 comminiscitur;
977 2685 1063 2729 nunc
1098 2665 1228 2747 quidem
1265 2664 1317 2729 hic
1348 2665 1463 2729 Felicio
1493 2665 1673 2748 decrepitus
1701 2672 1764 2744 est3
1797 2670 1871 2734 olirn
1902 2677 2010 2737 autem

379 2773 535 2856 »pupulus
556 2772 702 2837 delicium
726 2792 835 2836 meum
854 2773 957 2836 sactus
978 2776 1054 2835 este
1096 2770 1192 2835 Vides
1213 2770 1306 2835 simul
1328 2775 1360 2836 et
1388 2770 1543 2854 pupulum
1566 2777 1598 2837 et
1618 2774 1765 2840 delicium
1785 2781 1944 2842 vocaturn.

471 2878 558 2944 Talis
579 2898 674 2962 porro
697 2878 801 2944 infans
822 2882 870 2944 est
890 2877 978 2960 apud
999 2876 1176 2943 Martialem
1204 2876 1245 2941 IV
1265 2878 1305 2941 87

789 3000 967 3057 infantem
984 3017 1073 3056 secum
1091 3017 1197 3070 semper
1214 3003 1264 3055 tua
1282 3000 1379 3066 Bassa,
1398 2998 1516 3065 Fabulle,

854 3087 975 3142 collocat
991 3088 1021 3141 et
1038 3085 1136 3140 luens
1153 3084 1364 3155 deliciasque
1383 3090 1469 3142 rouel.

369 3197 457 3263 Talis
477 3200 573 3264 etiam
595 3200 724 3264 Erotion
751 3203 878 3264 mortua
911 3198 970 3263 luit
997 3218 1052 3263 sex
1080 3216 1181 3262 minos
1208 3202 1286 3263 nata
1314 3198 1402 3280 apud
1426 3198 1563 3263 eundem
1585 3200 1760 3266 Martialem
1784 3203 1817 3268 in
1846 3205 2009 3288 epitaphio

370 3307 424 3389 qui
446 3306 595 3389 legiturV
607 3308 655 3372 34.
689 3307 728 3371 Et
750 3326 824 3371 curn
837 3307 900 3371 hac
922 3304 1052 3387 quidem
1067 3325 1148 3387 pusa
1164 3306 1246 3369 bene
1266 3305 1416 3387 componi
1429 3309 1534 3387 potest
1553 3306 1604 3370 ille
1623 3307 1832 3372 Amuroutlu'o
1850 3311 2007 3393 delicium)

370 3415 402 3478 in
432 3412 523 3477 titulo
552 3412 742 3494 sepulchrali
770 3413 858 3478 urbis
878 3412 1003 3477 Romae
1025 3411 1097 3476 CIL.
1117 3412 1157 3475 Vl
1179 3413 1259 3477 3967
1288 3411 1343 3494 qui
1372 3412 1450 3475 vixit
1478 3413 1576 3476 annis
1598 3412 1664 3477 III
1688 3434 1729 3477 m.
1746 3413 1825 3490 ΙΙΙ;
1853 3416 1927 3480 item
1959 3418 2009 3482 ille

372 3520 489 3586 »Gaius
510 3523 679 3585 venustus«
704 3520 846 3602 quinque
862 3538 1019 3584 annorum
1036 3519 1068 3582 in
1081 3518 1172 3583 titulo
1186 3517 1334 3583 Romano
1351 3518 1488 3599 repetito
1504 3519 1591 3600 apud
1608 3520 1812 3586 Duebnerum
1830 3523 1862 3586 in
1877 3524 2007 3590 Anthol.

370 3628 472 3692 Palat.
494 3626 633 3692 tomolll
652 3625 790 3708 append.
806 3625 915 3690 11690.
956 3625 1100 3707 Denique
1123 3624 1239 3690 »Nicen
1259 3644 1398 3707 pupam‹
1424 3660 1463 3669 -
1485 3625 1641 3707 delicium,
1663 3628 1742 3691 vluit
1763 3648 1864 3694 aaaron
1881 3650 1952 3695 sees
1972 3667 2007 3678 -

370 3734 471 3799 habes
493 3733 567 3798 cll..
588 3733 725 3797 115500.

472 3840 565 3904 Adde
592 3839 703 3903 incerti
724 3839 922 3922 epigramma
944 3837 1074 3902 Anthol.
1104 3838 1170 3903 Pal.
1195 3838 1249 3902 VH
1270 3838 1332 3903 483
1369 3838 1410 3902 de
1440 3837 1658 3916 Callaeschro,
1695 3840 1749 3921 qui
1777 3840 1891 3925 νήπιος
1923 3845 2008 3910 diem

371 3945 485 4010 obierit
505 3950 603 4028 atque
624 3945 687 4009 iam
711 3950 859 4024 παίγνιον
879 3944 1004 4008 futurus
1033 3944 1073 4008 sil
1102 3945 1134 4008 in
1155 3944 1250 4008 domo
1278 3943 1497 4026 Proserpinae.
1547 3944 1639 4009 Adde
1668 3944 1823 4012 bimulum
1853 3949 2009 4015 infantem

370 4050 490 4134 (ὀλίγον
509 4051 639 4132 βρεᾳας)
661 4051 716 4134 qui
736 4054 881 4115 mortuus
901 4055 1099 4115 memoratur
1115 4069 1135 4114 a
1153 4050 1291 4115 Diodoro
1308 4050 1383 4114 ibid.
1401 4050 1453 4114 Vll
1467 4050 1543 4125 630;
1567 4049 1685 4115 scilicet
1707 4051 1747 4117 de
1772 4055 1858 4119 scala
1873 4056 2007 4138 parvula

370 4157 522 4239 parvulus
542 4157 718 4232 decideram
746 4160 779 4221 et
805 4156 861 4220 ubi
881 4156 1070 4221 accurrebat
1094 4156 1277 4221 ›dominus‹
1303 4156 1408 4238 (θεῖος
1430 4152 1546 4235 ἄναξ),
1578 4160 1704 4221 teneras
1731 4179 1848 4225 manus
1870 4161 1912 4225 ad
1933 4181 2007 4226 eum

370 4264 508 4328 moriens
529 4263 715 4327 tetenderat.
757 4262 918 4327 Novennis
939 4262 1080 4345 puellaa
1097 4262 1273 4343 Crinagora
1290 4263 1469 4328 celebratur
1481 4261 1558 4325 ibid.
1568 4262 1628 4327 613
1650 4263 1829 4348 diciturque
1850 4265 2007 4345 ἐράσμιον

369 4368 441 4432 ait-1·
459 4365 596 4449 ἄθυρμα
617 4368 783 4449 οἰκογενές,
812 4368 845 4433 id
872 4368 960 4452 quod
987 4369 1031 4433 ad
1056 4368 1185 4433 delicias
1207 4369 1302 4451 plane
1322 4371 1455 4451 spectat
1497 4366 1608 4433 Nescio
1629 4374 1738 4435 autem
1759 4390 1801 4435 an
1822 4369 1886 4434 huc
1908 4370 2006 4436 etiam

370 4476 527 4543 referendi
555 4475 618 4541 sint
649 4476 794 4541 modicus
827 4475 878 4540 ille
907 4475 1007 4543 Clitae
1037 4475 1186 4540 alumnus
1213 4475 1288 4541 ibid.
1317 4474 1411 4557 663¹)
1447 4479 1480 4540 et
1505 4477 1617 4555 μικκός
1646 4478 1842 4559 Mopuuair,
1871 4480 2007 4557 θρέμμα

469 4730 494 4798 l)
524 4726 579 4791 Τὰς
598 4729 628 4784 δὲ
646 4727 748 4791 πολλὰς
771 4724 880 4805 ὁρῶμεν
894 4728 1017 4803 μητέρας
1039 4723 1107 4783 ὅταν
1126 4721 1173 4784 ὕπ’
1195 4725 1282 4782 ἄλλων
1307 4722 1340 4780 τὰ
1366 4728 1463 4782 παιδία
1486 4728 1622 4805 καθαρθῇ
1645 4728 1692 4782 καὶ
1715 4722 1845 4801 γανωθῇ,
1874 4726 2005 4804 καθάπερ

371 4820 489 4887 παίγνια
507 4814 699 4890 λαμβανούσας
717 4816 758 4879 εἰς
772 4823 882 4890 χεῖρας,
909 4812 969 4870 εἶτα
988 4818 1044 4870 κτλ.

468 4903 494 4969 2)
519 4920 574 4973 qno
598 4901 657 4957 iure
678 4920 729 4975 ego
753 4903 823 4959 talia
841 4899 1265 4958 velutnnrhol.1³a1.vnaoa
1289 4899 1523 4973 praetermittam,
1548 4916 1604 4955 uon
1621 4895 1758 4966 estquod
1782 4912 1931 4966 exponam
1956 4917 2005 4957 nee

370 4989 461 5045 minus
477 4989 591 5045 titulum
608 4989 673 5045 alu.
691 4988 719 5044 11
737 4990 806 5044 8354
822 4988 870 5045 ubi
887 4988 1017 5044 humatus
1034 5004 1091 5043 aare
1107 4987 1209 5043 dicitur
1225 5003 1295 5058 puer
1312 5003 1387 5042 seros
1404 4994 1540 5057 pronatus
1550 4984 1616 5055 ptus
1631 4985 1722 5039 ninus
1738 4998 1871 5037 annorum
1891 4984 1952 5039 III.
