4792 6120
1152 469 1254 534 XXXI

371 663 585 731 mimiambus
605 664 718 729 incidit
740 662 793 745 (IV
816 663 868 744 31)
898 659 956 747 ὅρη
1042 664 1103 747 τήν
1124 664 1340 749 χηναλώπεκα
1369 662 1411 738 οῖς
1431 663 1469 727 ad
1492 663 1626 726 παιδίον
1655 669 1770 744 πνίγει.
1819 665 1871 729 Sic
1894 665 2027 731 tandem

372 775 550 856 postquam
570 790 745 854 puerorum
774 770 972 836 minutorum
993 792 1085 837 amor
1111 792 1169 854 per
1190 772 1328 837 Pausiae
1354 771 1511 853 imprimis
1532 770 1660 837 tabulas
1681 772 1764 836 inter
1793 772 1930 838 artifices
1952 794 2028 857 pro-

374 883 516 962 pagatus
536 882 601 957 est,
631 877 729 943 etiarn
750 877 886 942 Amores
907 898 1005 961 pusos
1027 883 1156 962 coeptos
1177 898 1246 943 esse
1267 879 1414 942 videmus
1435 877 1589 941 celebrari
1612 897 1694 943 aevo
1716 878 1975 945 Ptolemaeorum
1995 886 2028 946 et

375 985 571 1051 Attalorum.

480 1091 520 1157 Et
540 1091 621 1156 haee
651 1090 781 1173 quidem
802 1090 968 1155 hactenus
1011 1091 1129 1156 Iterum
1159 1098 1269 1157 autem
1290 1092 1420 1176 adpone
1437 1093 1519 1157 inter
1547 1092 1659 1157 doctos
1680 1092 1745 1157 iere
1773 1114 1833 1175 pro
1859 1094 2026 1177 explorato

375 1197 491 1265 haberi
511 1198 670 1262 Am0rum
693 1197 810 1262 horum
831 1197 1063 1262 miuutulorum
1094 1199 1309 1265 inventionem
1341 1199 1483 1264 debitam
1505 1219 1574 1264 esse
1596 1199 1804 1263 Alexandrini
1823 1202 2025 1283 potissimum

376 1305 450 1371 aeri
471 1304 599 1387 ingenio
625 1308 657 1369 et
678 1304 738 1387 ipsi
760 1304 842 1368 adeo
864 1305 935 1370 urbi
958 1305 1172 1371 Alexandriae
1194 1306 1246 1388 (cl.
1269 1326 1367 1390 supra
1390 1326 1422 1388 p.
1443 1305 1528 1370 XVII
1549 1305 1619 1388 sq).
1670 1306 1737 1371 lam
1759 1326 1835 1372 vero
1859 1309 2024 1390 probabile

377 1430 448 1477 esse
468 1411 607 1476 arbitror
628 1411 774 1485 delicias,
802 1411 918 1493 quibus
941 1412 1040 1476 effusa
1061 1413 1200 1477 luxuries
1219 1414 1442 1478 Romanorum
1463 1413 1496 1477 in
1519 1413 1584 1476 vita
1606 1414 1768 1477 communi
1791 1414 2023 1495 oblectabatur,

377 1519 466 1602 ipsas
486 1537 616 1600 quoque
636 1516 832 1583 Alexandria
852 1519 993 1582 Romam
1014 1520 1174 1602 prolectas
1188 1525 1286 1602 atque
1302 1520 1475 1585 translatas
1489 1539 1566 1597 esse,
1590 1519 1634 1583 ita
1655 1524 1691 1584 ut
1712 1520 1831 1582 παιδία
1846 1520 1899 1586 illa
1920 1525 2024 1603 γυμνοὶ

377 1617 434 1690 ola
460 1634 636 1707 τρέφουσιν
659 1621 696 1687 αἱ
713 1628 860 1704 γυναῖκες
883 1645 949 1690 non
976 1627 1081 1691 solum
1110 1627 1142 1691 in
1171 1627 1280 1691 Liviae
1308 1627 1480 1701 comitatu,
1509 1626 1565 1690 sed
1591 1627 1656 1690 iarn
1688 1630 1785 1691 antea
1814 1628 1847 1691 in
1875 1629 2026 1696 Arsinoes

377 1732 595 1816 similiumque
616 1732 800 1813 reginarum
823 1736 855 1797 ct
876 1752 988 1814 regum
1010 1732 1106 1797 luisse
1127 1734 1322 1798 existumare
1334 1733 1437 1798 liceat.
1481 1733 1550 1797 Hoc
1572 1733 1771 1798 dubitatione
1793 1740 1897 1799 caret:
1919 1756 2026 1801 emere

378 1840 520 1906 debebat
547 1840 573 1904 si
595 1838 667 1922 quis
693 1838 859 1904 alumnum
882 1840 1042 1904 minutum
1075 1839 1289 1922 alienigenum
1319 1859 1508 1922 comparare
1537 1840 1596 1904 sibi
1619 1840 1762 1915 volebat;
1792 1847 1822 1906 et
1844 1844 2027 1923 Augustum

376 1948 510 2031 quidem
523 1947 653 2011 Mauros
674 1946 724 2011 vel
739 1946 836 2028 Syros
857 1948 1029 2029 praecipue
1051 1947 1204 2010 coemisse
1227 1947 1365 2011 vidimus
1385 1966 1483 2029 supra
1498 1966 1529 2028 p.
1545 1947 1598 2010 XI.
1641 1948 1744 2012 Testis
1763 1949 1887 2014 accedit
1903 1950 2026 2016 Seneca

377 2056 423 2122 ad
442 2055 601 2121 Serenum
629 2071 655 2117 c.
686 2054 773 2130 11‚3
803 2052 858 2134 qui
885 2053 925 2116 de
953 2046 1066 2117 iisdem
1095 2055 1202 2136 pueris
1231 2054 1421 2135 procacibus
1451 2054 1550 2118 verba
1580 2055 1656 2118 facit
1687 2075 1786 2137 »quos
1813 2063 2028 2124 mercantur«.

377 2161 659 2229 Alexandriae
677 2180 754 2224 vcro
771 2160 972 2241 potissimum
996 2160 1080 2223 hunc
1095 2163 1272 2224 mercatum
1295 2161 1363 2224 lieri
1384 2161 1524 2242 primum
1546 2161 1676 2243 quidem
1699 2167 1812 2227 auctor
1828 2168 1876 2228 est
1891 2166 2029 2242 Statius;

377 2271 430 2337 hic
453 2269 540 2335 enim
563 2266 638 2332 silv.
661 2267 729 2330 V5
759 2286 788 2331 v.
813 2268 853 2330 66
883 2286 920 2330 ex
941 2268 1089 2348 Aegypto
1109 2266 1275 2331 Romanos
1307 2267 1492 2346 »delicias«,
1521 2288 1561 2332 ex
1589 2269 1736 2351 Aegypto
1768 2270 1940 2334 »infantem
1972 2273 2028 2354 qui

378 2376 527 2443 didicerit
549 2374 610 2440 Nili
641 2374 803 2439 convicia«
837 2374 972 2436 mercari
1002 2379 1172 2438 asseverat.
1216 2374 1337 2438 Deinde
1366 2393 1443 2439 vero
1473 2394 1571 2457 penes
1601 2374 1832 2452 Quintilianrun
1861 2377 1941 2442 fides
1970 2383 2027 2455 est,

381 2485 437 2569 qui
457 2483 550 2562 127
572 2481 761 2564 gravissima
784 2479 1021 2556 testificatione,
1051 2500 1149 2561 quam
1172 2481 1205 2543 in
1234 2480 1321 2544 hunc
1349 2500 1451 2562 usque
1480 2481 1584 2545 locum
1606 2482 1735 2559 retinui,
1766 2483 1904 2548 universi
1933 2484 2029 2550 huius

384 2590 565 2657 deliciarum
589 2587 713 2670 generis
737 2607 866 2652 severus
892 2587 1091 2667 oblurgator,
1119 2591 1154 2651 ut
1183 2606 1247 2651 uua
1276 2607 1354 2651 voce
1377 2571 1675 2669 comprehenderet,
1704 2589 2029 2656 »Alexandrinas

389 2696 565 2761 dalidam
588 2694 735 2759 distincte
756 2693 930 2776 appellavit
952 2694 1005 2774 (de
1028 2694 1088 2757 hoc
1111 2694 1180 2757 loco
1201 2694 1239 2757 cl.
1258 2714 1288 2775 p.
1307 2694 1473 2767 XXXVII).
1518 2694 1612 2772 Quod
1634 2695 1660 2758 si
1681 2696 1726 2759 ita
1746 2716 1781 2760 se
1802 2697 1916 2761 habuit
1938 2698 2028 2780 sique

385 2802 441 2869 hic
472 2807 619 2885 quaestus
653 2800 866 2865 Alexandriae
901 2800 1015 2877 fiebat,
1053 2800 1178 2864 etiarn
1220 2801 1353 2882 ipsum
1392 2801 1534 2865 harum
1575 2802 1815 2866 deliciarum
1851 2804 2028 2868 studium

383 2910 661 2975 Alexandriae
698 2907 802 2989 apud
843 2907 1069 2989 locupletes
1106 2906 1325 2989 plurimum
1365 2908 1541 2973 valueriI
1579 2928 1750 2973 necesse
1791 2914 1860 2974 est.
1917 2909 2029 2993 Neque

382 3017 483 3101 igitur
502 3016 625 3099 sigium
647 3015 709 3079 Nili
731 3034 804 3078 cum
827 3018 874 3078 tot
893 3014 1081 3095 pusionibus
1103 3033 1218 3078 caecae
1236 3013 1382 3078 fortunae
1404 3014 1523 3078 donum
1548 3016 1622 3092 tuit;
1646 3015 1744 3080 immo
1767 3016 1932 3100 Aegyptiis
1954 3018 2030 3100 ipsis

380 3124 480 3190 nimis
515 3123 687 3206 placebant
724 3121 891 3203 pusiones3
935 3126 1033 3203 atque
1066 3122 1240 3204 Aegypti0s
1275 3140 1343 3185 esse
1377 3122 1432 3203 qui
1467 3141 1584 3187 nomen
1622 3120 1735 3207 πήχεις
1770 3124 2029 3204 excogitaverint,

380 3210 539 3315 expressis
575 3229 681 3294 verbis
722 3228 910 3293 testificatur
941 3228 1100 3292 Lucienus
1136 3228 1155 3291 l.
1193 3227 1212 3291 l.
1244 3227 1363 3310 (supra
1398 3249 1429 3310 p.
1458 3228 1573 3307 XXII).
1635 3230 1681 3293 De
1715 3249 1834 3312 pompa
1871 3231 2029 3297 Bacchica

379 3337 580 3415 admirabili,
619 3356 703 3419 quae
743 3336 803 3399 sub
836 3335 1023 3400 Ptolemaeo
1058 3334 1270 3417 Philadelpho
1310 3335 1524 3400 Alexandriae
1559 3339 1633 3401 acta
1670 3342 1733 3414 est,
1776 3337 1857 3401 haec
1895 3342 2030 3403 testatur

380 3444 564 3511 Callixenus
585 3444 673 3526 apud
687 3443 889 3507 Athenaeum
903 3441 926 3503 V
941 3463 971 3524 p.
995 3443 1052 3507 197
1071 3463 1135 3525 sq.:
1157 3447 1230 3524 post
1248 3461 1340 3506 aram
1362 3441 1537 3506 maximam
1559 3442 1752 3507 incedebant
1773 3443 1896 3517 παῖδες
1913 3442 2030 3507 enardi·

384 3550 497 3630 sinoce,
514 3552 629 3616 iterum
648 3554 756 3615 autem
775 3568 885 3612 versus
898 3548 995 3612 smern
1010 3568 1150 3631 pompae
1174 3549 1270 3613 etiarn
1292 3548 1410 3622 παῖδες
1423 3548 1517 3629 χίλιοι
1531 3549 1586 3611 καὶ
1602 3547 1766 3623 ἑξακόσιοι
1792 3548 1843 3631 (cl.
1857 3571 1888 3632 p.
1902 3551 1962 3615 200
1972 3550 2029 3632 A);

382 3678 496 3724 omnes
516 3678 593 3723 vero
615 3657 755 3720 vestibus
773 3656 894 3725 urnath
924 3675 1030 3738 neque
1052 3657 1142 3720 cuius
1163 3656 1277 3720 aetatis
1299 3656 1429 3732 fuerint,
1451 3660 1664 3732 memoratum
1687 3656 1827 3721 minutos
1848 3657 1944 3720 luisse
1963 3657 2028 3721 noli

383 3765 523 3831 credere.
566 3763 666 3845 Magis
688 3762 833 3844 apposite
859 3760 969 3825 adiero
990 3762 1078 3843 quod
1099 3762 1139 3826 de
1155 3762 1344 3844 Cleopatrae
1367 3761 1497 3826 lautitiis
1518 3782 1616 3844 supra
1637 3763 1775 3827 relatum
1794 3767 1842 3827 est
1865 3782 1896 3845 p.
1909 3762 2028 3839 XXIV;

383 3871 466 3937 haec
497 3875 583 3935 certe
602 3870 739 3952 Aegypti
770 3867 881 3949 regina
912 3868 1009 3931 etiam
1038 3868 1168 3933 miuutis
1198 3888 1257 3933 usa
1286 3872 1334 3932 est
1347 3867 1379 3949 ¹).
1425 3867 1583 3951 Videsque
1610 3869 1855 3933 conclusionem.
1903 3868 2029 3933 Scilicet

383 3979 521 4044 Amores
541 3977 685 4042 infantuli
709 3977 751 4040 ab
771 3975 946 4039 artificibus
958 3973 1182 4038 Alexandrinis
1203 3978 1374 4056 propterea
1395 3977 1470 4037 sunt
1493 3974 1612 4039 inventi
1632 3975 1709 4057 quia
1726 3975 1792 4040 vita
1809 3975 2029 4040 Alexandrina

384 4084 524 4150 infantes
545 4084 691 4149 alumnos
714 4083 746 4147 In
769 4081 889 4146 deliciis
911 4080 1033 4146 habuit.

482 4191 575 4256 Hanc
598 4194 706 4255 autem
727 4190 946 4272 quaesti0nem
969 4206 1043 4251 cum
1073 4188 1126 4251 vix
1148 4186 1391 4264 confecerimus,
1420 4184 1510 4249 inviti
1531 4204 1605 4249 ecce
1634 4185 1668 4249 in
1689 4186 1776 4251 aliud
1803 4187 1882 4251 artis
1903 4192 2026 4252 zetema

384 4298 584 4364 incurrimus.
625 4295 797 4361 Socordiae
826 4295 911 4359 enirn
940 4294 1071 4359 crImiue
1099 4293 1180 4357 haec
1208 4292 1382 4375 disputatio
1411 4311 1489 4357 sane
1512 4291 1689 4369 laboraret,
1718 4292 1778 4356 nIsi
1800 4292 1926 4357 illarum
1948 4294 2031 4358 ima-

484 4488 510 4551 l)
527 4483 578 4539 Hic
599 4499 663 4538 vero
685 4482 729 4537 cui
747 4498 802 4536 nou
818 4498 847 4536 ae
872 4480 971 4535 inferet
992 4478 1078 4534 etiarn
1097 4479 1198 4548 Moysis
1220 4479 1314 4535 Iudaei
1331 4479 1504 4536 recordatio?
1533 4496 1615 4548 quem
1638 4478 1783 4549 puerulum
1810 4480 1939 4549 »pulchro
1966 4498 2030 4536 can·

385 4572 496 4628 dentxun
514 4586 642 4641 corpore‹
661 4568 691 4623 in
710 4568 774 4623 Nilo
791 4566 945 4638 expositum
964 4566 1071 4621 invenit
1091 4564 1256 4636 Aegyphaci
1272 4567 1344 4638 regis
1362 4566 1432 4621 tilia:

761 4655 836 4720 Quae
852 4653 964 4724 cupiens
982 4669 1089 4707 serrare
1106 4650 1158 4706 sibi
1176 4656 1235 4706 tam
1253 4651 1344 4707 dulcia
1362 4653 1466 4707 formae

762 4739 870 4797 Gaudia
886 4743 914 4794 et
931 4738 1048 4794 oxImiae
1070 4741 1256 4808 praestantem
1275 4738 1374 4793 frontis
1391 4738 1524 4793 honorem
1544 4777 1589 4793 ...

762 4828 885 4898 Imperat
902 4824 992 4880 acciri.

385 4935 430 4993 Sic
447 4953 489 4993 raa
504 4937 620 4992 narrata
637 4937 678 4990 cst
695 4932 723 4987 in
742 4931 835 4987 Exodo
853 4928 974 4985 carmine
992 4945 1016 4981 v.
1032 4926 1091 4979 47-
1102 4925 1136 4980 68
1153 4926 1195 4981 ed.
1216 4925 1289 4997 Peip.
