4792 6120
954 470 997 535 IX

255 670 322 752 Ego
345 673 453 734 autem
476 669 516 733 de
538 666 684 732 Camerio
713 685 787 731 cum
809 665 1036 744 deliberarem,
1065 665 1109 730 ad
1129 663 1207 728 satis
1233 664 1393 728 diversam
1421 668 1453 729 et
1474 664 1667 746 singularem
1695 664 1794 730 inter·

152 777 365 860 pretationem
382 775 536 840 deductus
553 793 634 851 sum,
656 772 829 855 videorque
843 772 922 836 mihi
939 773 1042 855 ipsum
1057 771 1247 852 aenigmatis
1261 771 1381 835 nodum
1398 790 1492 853 posse
1506 773 1663 854 expedire.
1702 774 1795 839 Certe

153 883 282 967 quidem
306 882 349 947 ad
370 881 543 962 elegantias
566 880 649 944 illius
671 879 741 944 aevi
763 878 957 962 deliciasque
980 878 1187 960 voluptarias,
1217 876 1328 959 quales
1347 877 1555 959 quaesitiores
1568 879 1691 944 nullum
1706 881 1796 946 novit

152 990 331 1065 saeculum,
352 987 509 1069 respicere
529 987 696 1052 conducet.
737 984 822 1063 Quid
843 985 946 1062 enirn,
976 984 1002 1049 si
1025 985 1208 1067 pertusum
1230 983 1447 1062 libidinosum,
1470 984 1563 1050 sicuti
1584 1005 1713 1067 passere
1734 1007 1793 1053 suo

152 1097 274 1173 Lesbia,
297 1095 341 1159 ita
363 1093 511 1158 Camerio
533 1113 592 1157 suo
613 1092 807 1156 abutebatur
828 1091 994 1156 Catullus?

322 1340 375 1423 ll.
436 1338 495 1422 Ile
522 1335 650 1446 pueris
678 1333 836 1419 minutis
865 1337 966 1444 apud
997 1335 1192 1421 Romanos
1219 1335 1260 1420 in
1289 1334 1432 1421 deliciis
1459 1333 1613 1421 habitis.

251 1502 417 1568 Nanorum
439 1502 505 1566 sive
527 1499 737 1582 pumilionum
757 1517 857 1578 genus
879 1502 1001 1579 quanta
1018 1497 1123 1580 gratia
1136 1498 1272 1564 valuerit
1293 1499 1382 1581 apud
1396 1499 1570 1576 Romanos,
1591 1503 1705 1563 notum
1727 1502 1792 1573 est;

151 1608 338 1672 homunculi
361 1607 383 1671 ii
406 1606 529 1672 ridiculi
550 1624 588 1669 ac
619 1605 713 1668 iososi
733 1609 865 1685 propter
886 1623 1047 1668 summam
1076 1605 1269 1687 parvitatem
1297 1605 1526 1688 turpitudinem
1550 1605 1713 1670 lasciviam
1735 1605 1794 1670 ad·

155 1715 258 1796 prime
281 1713 362 1795 grati
385 1713 599 1789 habebantur,
628 1712 654 1774 si
673 1711 716 1776 ad
733 1709 855 1774 virilem
884 1709 935 1774 vel
962 1709 1093 1774 senilem
1120 1714 1260 1775 aetatem
1280 1715 1489 1776 accesserant.
1531 1711 1728 1777 Testimonia
1750 1712 1792 1776 ab

152 1820 221 1884 aliis
238 1824 388 1900 congesta
402 1819 517 1883 iterum
533 1837 704 1900 congerere
722 1817 797 1882 nolo
813 1816 844 1899 ¹).
886 1817 1028 1899 Populus
1041 1822 1149 1882 autem
1165 1818 1313 1883 insnum
1335 1838 1430 1883 usum
1452 1819 1657 1901 pumiliorum
1674 1838 1793 1885 nomen

152 1926 197 1990 ita
218 1925 429 2008 detorquebat
450 1929 486 1989 ut
505 1929 637 2007 propter
659 1924 872 1989 bumilitatem
892 1923 1081 1989 humiliores
1103 1923 1323 2007 appellaret2).

247 2030 300 2095 Ad
320 2032 383 2096 hoc
403 2050 503 2113 genus
519 2031 670 2095 obscoeni
691 2030 880 2113 plerumque
903 2030 1128 2095 oblectamenti
1147 2031 1284 2113 pertinet
1301 2031 1352 2096 ille
1368 2031 1544 2097 Bumbulus
1563 2052 1740 2115 pygmaeus
1759 2032 1793 2097 in

151 2136 270 2202 anthol.
291 2138 359 2202 Lat.
383 2138 468 2202 Ries.
491 2157 518 2202 c.
542 2139 600 2202 190
623 2136 665 2219 (ν.
685 2139 705 2202 8
732 2144 761 2201 te
782 2137 860 2202 duce
881 2138 1018 2201 tusc-ivae
1039 2142 1126 2201 nocte
1145 2136 1309 2220 fricantur
1334 2136 1429 2219 anas)
1459 2143 1491 2203 et
1509 2157 1535 2203 c.
1561 2140 1615 2204 191
1648 2138 1689 2220 (v.
1711 2140 1731 2202 5
1764 2146 1793 2204 te

149 2264 280 2309 russeus
301 2243 424 2326 intrat).
474 2242 537 2308 Sed
566 2244 662 2308 etiam
694 2243 856 2308 adteratur
886 2243 937 2306 ille
964 2242 1053 2323 apud
1082 2243 1254 2309 Luxon'um
1282 2243 1532 2326 tibiucam),
1566 2245 1655 2310 cuius
1675 2246 1792 2310 dicitur

152 2350 273 2415 »tonna
295 2350 382 2427 levis,
405 2349 527 2413 clamor
543 2354 575 2414 et
590 2350 638 2414 ira
651 2351 774 2431 gravis«
788 2373 796 2421 t
817 2368 876 2414 nee
892 2368 957 2414 non
972 2349 1159 2414 Macedonia
1175 2351 1375 2432 pantomima
1392 2371 1552 2434 pygmaea
1570 2351 1658 2434 (ibid.
1677 2371 1703 2416 o.
1717 2351 1790 2433 310)

151 2456 413 2522 Andromacham
439 2475 553 2536 agene,
582 2457 652 2539 ipsa
680 2476 746 2522 non
775 2456 868 2521 altior
896 2476 1008 2548 quam
1022 2476 1080 2538 pes
1099 2457 1364 2534 Andromachae3
1398 2458 1535 2540 denique
1562 2458 1613 2523 ille
1642 2457 1792 2540 Conopas

150 2564 301 2627 minimus
321 2563 435 2640 homo,
465 2562 529 2626 duo
557 2564 654 2644 pedes
678 2568 710 2629 et
731 2563 893 2646 palmum,
923 2563 1101 2646 mulierque
1122 2565 1331 2629 Andromeda
1351 2565 1438 2647 apud
1458 2564 1598 2630 Plinium
1627 2570 1693 2630 nat
1716 2564 1789 2630 hist.

152 2671 180 2746 7,
198 2672 246 2734 75.
290 2669 383 2747 Quod
406 2688 482 2733 vero
503 2670 657 2735 Luxorius
679 2669 699 2734 l.
720 2670 739 2734 l.
760 2670 800 2735 de
820 2669 1008 2734 Macedonia
1027 2671 1217 2751 pantomina
1233 2671 1343 2736 scribit

648 2774 792 2831 Thersiten
810 2774 901 2845 potius
919 2775 1007 2843 tinge,
1032 2776 1105 2845 quod
1122 2793 1178 2832 esse
1195 2778 1271 2840 soles.

150 2868 183 2931 id
212 2870 292 2932 miro
324 2869 421 2933 modo
456 2868 631 2933 illustratur
663 2869 769 2933 verbis
797 2870 967 2935 Clementis
995 2870 1202 2937 Alexandrini
1231 2872 1370 2954 Paedag.
1397 2871 1437 2936 ill
1463 2871 1485 2936 l
1514 2870 1557 2954 (p.
1580 2871 1637 2936 271
1669 2870 1719 2953 P.)
1750 2871 1791 2936 de

149 2976 316 3039 mulierum
347 2975 470 3041 luxurie
497 2976 699 3057 exponentis:
738 2975 791 3037 καὶ
829 2977 889 3039 τὸυ
928 2981 990 3058 μὲν
1023 2980 1184 3061 Θερσίτην
1215 2977 1392 3042 ἀκούουσαι
1432 2978 1580 3059 γελῶσιν·
1620 2976 1718 3042 αὐταὶ
1752 2978 1791 3040 δὲ

150 3081 384 3166 πολυτιμήτους
406 3081 586 3162 ὠνούμεναι
598 3085 766 3162 Θερσίτας,
788 3081 845 3144 οὐκ
867 3083 920 3146 ἐπ’
933 3083 1096 3164 erumna
1117 3085 1289 3166 ὁμοζύγοις,
1311 3085 1380 3149 αλλ’
1402 3083 1455 3147 ἐπ’
1472 3087 1601 3158 ἐκείνοις
1622 3084 1789 3164 αὐχοῦσιν.

151 3188 273 3271 Nem'pe
293 3193 438 3254 mercatu
463 3189 662 3254 ›Thersites‹
686 3190 766 3254 tales
790 3191 1032 3273 comparabant.

246 3297 290 3361 At
308 3315 385 3361 vero
407 3295 572 3361 Camerius
592 3296 659 3378 ipse
682 3296 726 3360 ad
740 3294 875 3378 pumilos
894 3297 1149 3381 haudquaquam
1170 3298 1335 3363 attinuisse
1356 3302 1475 3380 potest;
1499 3317 1697 3381 quamquam
1719 3318 1792 3363 cru-

150 3404 344 3468 delissimum
383 3403 520 3467 abusum
559 3421 671 3466 eorum
710 3403 775 3467 iam
806 3403 942 3484 Augusti
982 3408 1087 3469 aetate
1126 3408 1291 3486 receptum
1322 3423 1391 3469 esse
1421 3408 1453 3468 et
1487 3404 1657 3469 Suetonius
1697 3404 1791 3469 docet

148 3529 331 3574 memorans
339 3509 520 3590 Augustum
538 3508 580 3572 ab
596 3508 633 3572 iis
644 3508 833 3573 abstinuisse
844 3507 968 3591 (Octav.
979 3529 1005 3574 c.
1018 3510 1070 3591 83)
1090 3515 1121 3575 et
1131 3509 1316 3592 Propertius
1328 3529 1392 3574 non
1404 3513 1477 3592 post
1487 3528 1608 3575 annum
1622 3511 1660 3574 16
1674 3529 1703 3573 a.
1714 3510 1789 3575 Chr.

149 3633 197 3691 n.‚
226 3617 281 3697 qui
302 3616 335 3679 in
364 3615 509 3679 convivio
538 3635 661 3680 nanum
682 3616 848 3698 proprium
870 3615 1004 3682 adhibet
1024 3617 1075 3682 cui
1096 3617 1156 3682 ioci
1186 3637 1285 3683 causa
1305 3636 1423 3681 nomen
1444 3617 1587 3701 Magnus
1611 3615 1789 3697 dederat⁸).

248 3760 273 3829 1)
293 3759 328 3814 ct.
349 3759 381 3814 O.
397 3759 471 3815 Jahn
492 3761 614 3816 Archeol.
631 3760 759 3832 Beitrttge
784 3782 811 3835 p.
829 3763 882 3819 430
902 3782 957 3834 sq.;
987 3763 1132 3819 Bncbenau
1150 3763 1190 3819 De
1207 3763 1337 3834 scriptore
1356 3762 1420 3818 bhri
1438 3765 1504 3837 περὶ
1528 3757 1626 3830 ὕψους.
1644 3762 1789 3834 Marpnrgi

151 3846 225 3911 1849,
242 3865 269 3916 p.
286 3847 320 3900 47
338 3864 410 3916 sqq.;
435 3846 460 3902 J.
478 3846 639 3916 Merqusrdt
662 3844 836 3904 Privatleben
852 3848 901 3905 der
919 3850 1031 3914 Βῠιυοο,
1052 3849 1093 3905 ed
1108 3850 1132 3914 2,
1149 3848 1170 3915 Ι,
1188 3867 1216 3920 p.
1235 3849 1293 3904 182.
1329 3848 1438 3904 ’Nanos
1454 3853 1483 3906 et
1500 3866 1586 3905 nanus
1609 3852 1638 3905 et
1654 3849 1790 3904 moriones

226 3933 326 4004 populo
343 3931 471 3987 donavit«
491 3932 647 3988 Alexander
665 3932 779 3989 Severus
795 3938 865 3991 teste
883 3935 1041 4008 Lampridio
1058 3954 1081 3992 c.
1099 3936 1141 4001 34,
1151 3935 1177 3990 2.

249 4019 276 4087 2)
291 4017 325 4073 ct.
345 4018 453 4074 Glossae
470 4018 613 4073 nominum
631 4018 673 4073 ed.
691 4018 786 4075 boene
805 4022 894 4091 (1884)
913 4041 940 4094 p.
958 4024 1001 4077 51.

249 4104 276 4173 3)
299 4103 376 4168 Quod
394 4121 475 4174 saepe
498 4104 598 4160 accidit
620 4122 705 4175 usque
722 4104 757 4160 nd
774 4105 848 4162 bunc
870 4107 944 4164 diem
960 4108 991 4163 in
1016 4109 1081 4164 locis
1098 4105 1310 4170 difficilioribus,
1335 4108 1368 4161 ut
1389 4122 1439 4176 pro
1465 4105 1570 4162 tradite
1592 4105 1708 4162 lectione
1732 4124 1788 4163 eor·

149 4193 272 4245 recturne
290 4189 434 4244 obtineant
451 4189 622 4246 inveteratae
638 4189 717 4260 quasi
734 4193 820 4262 panni
837 4192 929 4259 insuti,
948 4195 997 4264 qui
1013 4193 1205 4250 difficultatem
1222 4209 1278 4248 non
1295 4193 1403 4257 tollant,
1421 4191 1468 4248 sed
1483 4195 1640 4263 mntegant,
1658 4192 1687 4247 id
1704 4193 1790 4249 etiem

153 4277 257 4332 tactum
273 4278 314 4331 est
331 4274 361 4329 in
380 4275 515 4346 Propertii
531 4276 592 4332 loeo
608 4276 646 4331 IV
666 4276 692 4341 8,
710 4277 759 4332 41:

545 4362 693 4433 Magnus
711 4362 814 4434 etipse
831 4380 892 4419 snos
911 4362 1032 4420 breviter
1049 4369 1189 4423 conamus
1206 4366 1236 4420 in
1253 4369 1329 4422 artus

605 4448 730 4505 lactabat
746 4452 856 4504 maneas
874 4449 910 4506 sd
925 4468 993 4507 aava
1010 4450 1084 4507 buxa
1100 4470 1207 4508 manus.

153 4534 194 4589 De
208 4549 282 4588 nano
306 4548 458 4588 sermonem
477 4549 533 4588 aare
554 4534 585 4587 in
598 4535 745 4605 propatulo
763 4538 818 4600 ουτ,
842 4552 890 4591 cur
914 4539 1006 4592 eutem
1028 4553 1078 4608 pro
1097 4539 1218 4609 Magnus
1234 4536 1413 4609 pertinaciter
1431 4537 1516 4592 edunt
1534 4534 1656 4592 Nanos?
1677 4554 1714 4592 an
1730 4538 1791 4591 tam

151 4617 277 4673 turbatus
292 4616 399 4673 animus
413 4616 469 4673 fuit
485 4620 517 4673 ut
533 4635 588 4673 non
605 4620 738 4675 sentirent
753 4620 844 4675 iocum
861 4620 1026 4690 exquisitum
1043 4622 1115 4679 bunc
1130 4624 1219 4689 fuisse,
1237 4627 1269 4680 nt
1286 4640 1374 4680 nanus
1391 4623 1502 4694 proprio
1520 4623 1631 4679 nomine
1647 4625 1792 4679 vocaretur

151 4705 287 4776 Magnus?
321 4704 365 4760 Ita
381 4721 480 4776 nempe
497 4705 582 4761 etiam
601 4705 717 4762 bucitim
732 4706 763 4762 in
780 4723 811 4762 re
828 4707 925 4763 eadem
941 4708 1054 4764 Antinoi.
1072 4711 1131 4766 Pal.
1147 4710 1187 4766 xl
1203 4712 1267 4767 105:

564 4786 614 4845 τὸν
630 4791 723 4864 μέγαν
740 4788 854 4864 ἐζήτουν
871 4788 1033 4866 septim·
1058 4791 1089 4856 ὃς
1106 4792 1134 4849 δ’
1152 4794 1309 4852 ἐκάθευδεν

562 4876 655 4950 μικρῷ
672 4871 719 4931 ὕπ’
737 4873 864 4953 ὀξυβάφῳ
883 4882 930 4940 τὰς
944 4880 1030 4955 χέρας
1048 4878 1208 4945 ἐκτανύσας.

153 4957 212 5013 lam
228 4964 321 5016 ntr'nm
338 4961 514 5033 grandiorem
532 4961 744 5019 homuncionem
761 4964 843 5020 inimo
859 4965 960 5031 eredes,
980 4968 1113 5038 Magnum
1132 4968 1269 5041 Propertii
1286 4988 1323 5026 an
1341 4966 1391 5025 τὸν
1407 4969 1501 5044 μέγαν
1513 4966 1663 5042 Εὖμήκιον
1676 4967 1791 5025 Lucius

154 5044 309 5103 conamus
320 5052 412 5105 antem
425 5050 500 5105 lusus
511 5049 566 5105 fnit
577 5048 651 5120 qnod
662 5049 787 5105 homines
798 5049 998 5122 procerisdmos
1007 5054 1152 5110 Passionem
1168 5058 1197 5112 et
1208 5056 1388 5114 Secundillae·
1398 5054 1588 5122 nominabant,
1601 5074 1627 5111 v.
1634 5055 1706 5111 Ptin.
1715 5056 1740 5120 ’1,
1750 5055 1792 5110 75.

1563 5149 1581 5203 2
