4792 6120
1162 426 1219 491 llll

373 616 537 682 attulimus
557 615 601 700 (p.
629 617 688 698 X);
723 618 866 701 praecise
891 618 976 684 idem
1012 619 1072 685 sibi
1110 621 1179 687 vult
1207 622 1296 705 quod
1322 624 1484 688 Ausonius
1511 624 1669 690 Bissulam
1698 625 1810 690 ludum
1846 628 1942 690 vocat
1977 630 2010 692 et

374 724 465 788 tusae
484 723 528 787 illi
549 724 667 788 Bassae
689 723 776 806 apud
796 724 973 789 Martialem
995 726 1036 790 IV
1056 726 1107 805 87,
1124 727 1153 791 2.

468 829 550 895 Cum
570 829 633 895 hac
650 835 759 895 autem
787 831 972 908 allectione,
1003 851 1070 914 qua
1090 852 1166 915 erga
1189 837 1314 899 teneros
1336 835 1475 900 infantes
1505 837 1684 919 praeminet
1711 837 1848 918 Augusti
1869 837 2006 916 aramus,

371 955 489 1001 neriam
510 936 652 1002 habebat
672 937 704 1001 ni
728 937 818 1003 laMor
838 938 1016 1003 molliculus
1031 939 1098 1004 eius
1118 944 1150 1004 et
1165 940 1283 1005 nimius
1295 959 1387 1006 amor
1402 944 1636 1025 nepotulorum.
1682 943 1815 1008 »Gaium
1830 948 1862 1008 et
1875 943 2008 1008 Lucium

373 1043 541 1127 adoptavit
575 1043 661 1108 domi
691 1063 749 1126 per
775 1063 880 1109 asem
910 1048 942 1110 et
975 1045 1089 1111 libram
1112 1052 1238 1130 emptos
1265 1067 1286 1112 a
1315 1052 1408 1130 patre
1436 1050 1581 1133 Agrippa
1610 1055 1800 1133 tenerosque
1827 1050 1936 1116 adhuc
1966 1051 2010 1116 ad

371 1171 483 1217 curam
502 1151 547 1216 rei
568 1171 599 1234 p.
620 1152 764 1217 admovit
881 1170 987 1235 neque
1008 1153 1135 1218 cenavit
1157 1173 1223 1219 una
1244 1154 1304 1218 nisi
1326 1160 1363 1220 ut
1385 1156 1418 1219 in
1440 1156 1504 1221 imo
1524 1157 1607 1222 lecto
1627 1157 1804 1221 assiderent
1825 1176 1931 1240 neque
1951 1158 2010 1223 iter

369 1259 445 1324 fecit
473 1257 534 1322 nisi
555 1262 591 1322 ut
619 1257 764 1322 vehiculo
789 1257 947 1323 anteirent
964 1261 1021 1323 aut
1043 1259 1128 1324 circa
1149 1260 1390 1343 adequitarent‹
1419 1261 1518 1341 (Suet
1546 1261 1657 1327 Octav.
1680 1264 1743 1343 64).
1795 1263 1878 1328 Prae
1899 1264 2010 1329 ceteris

371 1385 447 1430 vero
468 1365 566 1445 digna
587 1368 635 1429 est
655 1384 739 1447 quae
759 1364 810 1429 hic
831 1364 994 1429 adteratur
1014 1385 1054 1430 ex
1069 1365 1222 1431 Suetonio
1242 1367 1371 1449 Caligl
1393 1369 1635 1439 narratiuncula
1656 1369 1696 1434 de
1714 1369 1811 1434 filiolo
1829 1369 2009 1435 Germanici

370 1491 436 1537 uno
456 1472 511 1554 qui
531 1472 660 1555 quidem
678 1491 751 1535 cum
772 1471 883 1548 obiret,
905 1472 970 1536 iam
993 1474 1223 1554 ›puerascebat
1244 1473 1358 1556 insigni
1381 1475 1589 1541 festivitates:
1613 1476 1722 1540 »cuius
1742 1476 1879 1558 effigiem
1897 1477 2008 1542 habitu

370 1577 536 1660 Cupidinis
555 1578 587 1642 in
609 1577 689 1641 aede
707 1576 905 1660 Capitolinae
921 1578 1051 1643 Venen's
1071 1579 1161 1644 Livia
1183 1580 1352 1659 dedicavit,
1374 1582 1539 1664 Augustus
1559 1582 1592 1646 in
1614 1582 1762 1647 cubiculo
1782 1603 1840 1648 suo
1863 1584 2008 1665 positam,

371 1685 582 1768 quotiensque
603 1685 763 1763 introiret,
792 1685 1054 1750 exosculabatur«
1066 1686 1100 1767 ¹).

472 1791 635 1856 Hactenus
651 1791 691 1856 de
708 1791 863 1873 Augusto.
905 1793 952 1857 De
973 1792 1085 1857 iisdem
1105 1797 1215 1857 autem
1236 1791 1356 1858 deliciis
1376 1794 1474 1858 etiam
1497 1794 1647 1859 certiores
1667 1813 1727 1858 nos
1751 1795 1828 1860 lacit
1841 1795 2009 1862 Suetonius

370 1905 403 1969 in
428 1902 495 1967 vita
514 1899 632 1965 Tiberii
655 1918 681 1963 c.
703 1898 762 1974 443
794 1917 871 1962 nam
901 1900 998 1964 etiam
1022 1899 1065 1963 ibi
1087 1903 1162 1964 sunt
1195 1900 1302 1983 »pueri
1331 1900 1455 1983 primae
1483 1901 1742 1978 teneritudinis‹;
1769 1902 1935 1983 pisciculos
1955 1924 2008 1969 eos

370 2010 508 2076 vocabat
527 2006 686 2074 Tiberius:
715 2025 796 2088 quas
824 2011 932 2070 autem
960 2006 1119 2089 nequitias
1145 2008 1178 2070 in
1206 2007 1243 2071 iis
1273 2007 1468 2072 commisisse
1489 2008 1667 2090 principem
1695 2008 1833 2073 relatum
1859 2009 1916 2085 sit,
1943 2030 2009 2076 non

371 2117 511 2190 iterab0;
533 2113 620 2195 apud
641 2117 805 2177 auctorem
826 2113 925 2178 videri
948 2117 1090 2195 possvmt.

457 2221 600 2303 Denique
621 2220 785 2301 Augustus
813 2239 854 2283 ne
884 2220 1006 2302 primus
1031 2218 1161 2302 quidem
1183 2219 1308 2283 Romae
1330 2220 1433 2284 extitit
1461 2219 1516 2302 qui
1543 2240 1647 2302 pupos
1676 2221 1793 2285 alebat
1846 2221 1912 2286 lam
1932 2225 2006 2286 ante

371 2330 439 2395 eius
457 2328 626 2411 imperium
646 2347 732 2392 anno
747 2329 787 2392 38
798 2345 827 2390 a.
838 2326 912 2392 Chr.
925 2347 956 2391 n.
979 2327 1022 2391 ibi
1041 2346 1107 2391 non
1128 2325 1344 2407 infrequentes
1365 2325 1461 2390 fuisse
1482 2326 1596 2390 suadet
1613 2326 1741 2391 Cassius
1755 2328 1815 2393 Dio
1825 2327 1946 2393 XLVIII
1956 2329 2005 2405 la,

370 2437 426 2503 ubi
455 2437 489 2500 in
518 2434 638 2516 nuptiis
663 2432 832 2498 Octaviani
862 2437 894 2498 et
917 2433 1024 2497 Liviae
1050 2432 1114 2497 tale
1147 2430 1281 2493 παιδίον
1304 2432 1348 2496 ita
1378 2432 1555 2510 inducitur,
1586 2438 1622 2497 ut
1651 2453 1716 2498 non
1739 2433 1922 2513 Octaviani,
1952 2435 2007 2499 sed

372 2543 481 2608 Liviae
501 2540 665 2624 proprium
686 2540 782 2604 fuisse
802 2545 956 2622 appereat
978 2538 1029 2620 (cl.
1051 2560 1083 2623 p.
1103 2538 1223 2617 XVlll).
1265 2538 1398 2604 Constat
1418 2539 1514 2621 igitur
1533 2539 1598 2603 iam
1619 2544 1689 2604 tum
1711 2540 1744 2604 in
1767 2541 1865 2606 domo
1886 2539 2008 2607 Claudii

371 2649 506 2714 Neronis
526 2652 689 2729 receptum
710 2646 805 2710 fuisse
824 2647 885 2712 hoc
909 2666 1008 2729 genus
1029 2645 1150 2710 ludicri.

472 2756 540 2819 lam
566 2773 642 2818 vero
670 2752 863 2817 absolvimus
884 2752 972 2836 quod
1000 2757 1070 2817 erat
1096 2751 1311 2835 propositum3
1344 2750 1598 2815 testimoniorum
1622 2754 1708 2815 certe
1734 2751 1937 2818 collationem
1958 2758 2009 2819 sat

370 2881 576 2927 numerosam
598 2859 807 2925 exhibuimus.
848 2860 967 2924 Eorum
991 2878 1107 2940 agmen
1130 2858 1288 2923 clauditur
1305 2856 1451 2939 exemplo
1469 2875 1543 2933 unc,
1565 2856 1653 2938 quod
1671 2858 1913 2938 reservavimus,
1933 2864 2008 2942 apto

371 2968 424 3033 illo
452 2967 600 3051 quidem,
630 2985 694 3048 quo
724 2965 959 3031 demonstretur
988 2966 1083 3031 etiam
1112 2965 1267 3047 populum
1297 2963 1402 3045 ipsum
1429 2962 1478 3026 his
1505 2964 1727 3028 venustatibus
1754 2964 1871 3030 lavisse
1900 2966 2007 3030 videri.

369 3074 496 3139 Scilicet
520 3072 646 3156 publice
673 3091 802 3155 quoque
829 3077 861 3137 et
882 3073 915 3137 in
943 3071 1067 3137 harena
1092 3071 1232 3153 puerulis
1258 3069 1386 3133 misellis
1408 3069 1454 3134 uti
1477 3088 1541 3134 non
1569 3068 1732 3151 dedignati
1751 3076 1827 3135 sunt
1847 3072 2008 3149 Romani;

370 3181 456 3247 hanc
476 3181 599 3245 tristem
621 3179 662 3243 de
688 3179 727 3244 iis
753 3178 904 3243 tabellam
934 3179 1087 3243 Martialis
1115 3177 1247 3243 tradidit
1274 3176 1406 3254 1175,5
1431 3196 1518 3259 sqq.;
1550 3175 1600 3242 leo
1626 3183 1812 3242 mansuetus
1839 3179 1946 3243 subito
1975 3180 2009 3243 in

372 3286 496 3351 rabiem
516 3287 659 3352 revertit:

800 3390 873 3445 Nam
890 3389 944 3442 duo
962 3387 1002 3443 de
1019 3391 1146 3443 tenera
1164 3386 1281 3457 puerilia
1298 3402 1412 3456 corpora
1428 3385 1551 3449 turba,

869 3474 1053 3543 Sanguineam
1072 3474 1165 3529 rastris
1180 3490 1250 3542 quae
1275 3471 1426 3527 renovabat
1452 3472 1575 3537 humum,

799 3561 900 3616 Saevus
918 3564 947 3615 et
963 3559 1059 3614 infelix
1078 3559 1172 3615 furiali
1190 3559 1273 3615 dente
1289 3558 1421 3629 peremit;

868 3646 970 3701 Martia
985 3663 1042 3700 non
1060 3645 1130 3701 vidit
1147 3645 1235 3700 maius
1252 3643 1357 3699 harena
1373 3644 1458 3699 nesae

368 3765 480 3850 ltaque
498 3764 685 3830 tenellorum
706 3765 909 3830 alumnorum
930 3765 1026 3847 plena
1058 3764 1189 3828 ›turba‹
1214 3763 1281 3826 sive
1302 3767 1432 3827 caterva
1453 3763 1513 3827 fuit
1533 3763 1566 3827 in
1588 3760 1842 3844 amphitheatro,
1875 3761 2007 3825 sortasse

369 3872 528 3938 Amorum
548 3871 661 3936 habitu
689 3877 843 3937 exornata
869 3871 983 3953 (solent
1002 3890 1119 3952 nempe
1139 3870 1276 3934 Amores
1303 3867 1413 3933 ludere
1441 3889 1515 3933 curn
1536 3868 1708 3949 leonibus),
1749 3887 1833 3951 quae
1853 3869 2008 3933 harenam

369 3978 453 4044 leoni
472 3979 659 4043 renovabat.
700 3979 839 4043 Minutos
855 3978 950 4042 fuisse
965 3978 1064 4042 etiam
1085 3975 1160 4040 inde
1180 3974 1344 4056 colligitur,
1363 3976 1541 4058 quodcum
1564 3976 1744 4041 clarissimis
1759 3975 1855 4059 lupae
1872 3976 2009 4040 alumnis

369 4085 509 4151 Romulo
538 4089 571 4149 et
596 4085 700 4150 Remo
728 4104 784 4149 eos
812 4084 976 4149 contendit
1002 4081 1156 4148 Martialis
1184 4100 1279 4145 versu
1306 4082 1353 4146 10.
1408 4082 1522 4146 Nescio
1550 4086 1656 4146 autem
1691 4101 1770 4145 num
1799 4081 2006 4146 simulacrum

370 4191 533 4273 quoddam
558 4190 623 4255 huc
652 4190 768 4255 referre
790 4191 1000 4268 concedatur,
1031 4188 1191 4270 sculptum
1218 4187 1250 4251 in
1279 4205 1456 4265 marmore,
1486 4186 1573 4269 quod
1601 4186 1793 4251 curriculum
1814 4186 1953 4252 ostendit
1975 4188 2008 4252 in

370 4298 454 4363 circo
475 4298 632 4376 maximo,
659 4316 741 4381 puer
759 4300 867 4361 autem
905 4315 987 4360 unus
1021 4314 1095 4360 cum
1122 4295 1219 4359 corbe
1248 4293 1459 4359 ministerium
1480 4291 1571 4366 iacit3
1602 4310 1644 4356 an
1671 4292 1828 4357 harenam
1850 4299 2008 4359 renovat?

368 4404 442 4469 vide
463 4403 622 4482 Gerbard,
654 4404 729 4468 Ant.
751 4403 927 4469 Bildwerke
949 4403 993 4468 tb.
1023 4402 1081 4466 120
1103 4420 1135 4465 n.
1158 4400 1221 4482 2³).
1258 4401 1381 4484 Nempe
1409 4399 1506 4464 etiam
1535 4397 1568 4461 in
1597 4399 1797 4483 sarcophago
1826 4399 2008 4464 Florentino

371 4511 427 4594 qui
449 4510 626 4576 certamina
645 4510 802 4575 Amorum
818 4509 1058 4574 colluctantium
1074 4507 1218 4584 exhibet,
1248 4527 1331 4572 unus
1349 4509 1398 4571 est
1415 4504 1564 4569 manibus
1583 4504 1687 4570 ferens
1708 4504 1873 4570 corbulam
1893 4505 2009 4570 videri-

370 4637 434 4701 que
452 4620 558 4699 potest
578 4615 733 4680 harenam
747 4615 910 4680 effimdere
930 4615 1010 4680 velle
1029 4613 1081 4695 (ci.
1092 4613 1282 4689 Duetschke,
1297 4616 1371 4677 Ant.
1387 4611 1565 4678 Bildwerhe
1577 4612 1609 4676 in
1621 4610 1865 4677 Oberitalienlll
1879 4631 1910 4675 n.
1924 4613 2007 4692 336).

469 4808 496 4878 1)
514 4803 642 4876 Effigiem
658 4805 773 4861 chonias
796 4806 989 4876 nepotulorum
1006 4802 1124 4874 Augusti
1148 4807 1320 4871 agnovenmt
1344 4802 1396 4857 viri
1414 4803 1497 4874 periti
1519 4803 1550 4858 in
1567 4802 1658 4874 capite
1680 4819 1834 4859 marmoreo
1852 4801 2007 4858 Matriteuai

371 4892 477 4963 dequo
494 4891 633 4947 adeundus
651 4894 729 4948 Aam.
746 4891 875 4947 Huebner
892 4892 943 4947 Die
961 4890 1075 4946 antiken
1093 4888 1247 4944 Bildverlre
1265 4889 1295 4943 in
1312 4888 1428 4954 Madrid,
1445 4908 1473 4960 p.
1489 4890 1549 4955 Μ,
1568 4890 1628 4945 508.

469 4975 497 5047 2)
517 4976 662 5032 Reoencuit
678 4976 731 5033 hoc
747 4978 956 5032 monumentum
975 4977 1052 5031 lem
1070 4973 1198 5030 Huebner
1215 4973 1246 5028 in
1264 4975 1362 5029 Annei
1379 4976 1443 5033 inst.
1461 4981 1482 5034 t.
1500 4979 1535 5033 35
1552 4995 1579 5047 p.
1600 4975 1657 5031 141.
