4792 6120
1159 451 1244 516 XVII

477 650 544 714 larn
568 668 644 712 vero
664 646 843 712 nuditatem
864 645 897 709 in
918 645 1106 728 pusionibus
1126 645 1193 711 sive
1217 647 1352 730 ›pultis‹
1384 666 1464 729 quos
1485 647 1630 711 hodierni
1651 652 1769 713 vocant
1790 649 1857 714 ltali
1870 650 1907 731 ¹),
1931 653 2025 734 quasi

374 757 565 839 primariam
585 755 732 819 virtutem
755 773 822 818 esse
843 753 915 836 quis
937 752 1089 834 ignorat?
1130 752 1314 835 Cogitemus
1335 757 1437 818 artem
1455 753 1663 818 christianam
1685 759 1718 819 et
1738 756 1844 838 ipsum
1860 757 2022 823 Christum

375 865 474 928 deum
494 863 657 927 infantem.
697 860 832 925 Saeculo
861 860 986 924 decimo
1016 861 1110 924 terlio
1130 861 1279 925 Nicolaus
1301 860 1437 925 Pisanus
1468 861 1500 923 in
1522 860 1664 925 cancella
1685 862 1733 926 sui
1761 863 1871 946 oppidi
1892 884 1966 929 eum
1990 867 2023 930 in

375 971 488 1035 matris
508 971 579 1035 sinu
601 968 735 1051 parvulo
758 968 886 1032 chilone
907 966 1011 1031 induit
1032 966 1182 1049 idemque
1202 967 1262 1031 sibi
1283 967 1489 1049 praescripsit
1509 966 1631 1032 Guidus
1646 968 1806 1033 Sienensis
1828 970 1860 1034 in
1882 971 2023 1054 imagine

377 1078 526 1143 ecclesiae
537 1077 568 1140 S.
583 1074 758 1140 Domenici.
792 1076 1010 1156 Anteceperat
1031 1073 1106 1137 olim
1129 1073 1214 1138 hanc
1235 1073 1462 1137 verecundiam
1481 1092 1534 1136 ars
1555 1073 1729 1138 christiana
1745 1077 2021 1143 catacumbarum.

378 1185 463 1248 ldem
477 1203 553 1247 vero
563 1182 714 1247 Nicolaus
730 1185 763 1245 et
783 1182 974 1263 posteriores
993 1180 1144 1262 deinceps
1158 1200 1223 1263 quo
1243 1180 1346 1262 magis
1360 1180 1593 1260 elegantiarum
1609 1181 1815 1263 antiquarum
1830 1183 1973 1248 studium
1991 1190 2024 1249 et

375 1290 496 1373 pulchri
518 1309 648 1354 sensum
669 1288 859 1353 excolebant
879 1291 910 1351 ct
938 1287 981 1351 ad
1007 1288 1134 1351 culmen
1155 1287 1233 1352 artis
1255 1286 1512 1365 adscendebant,
1540 1307 1578 1351 eo
1601 1288 1703 1369 magis
1731 1288 1855 1353 nudum
1877 1291 2022 1356 divinum

373 1417 507 1481 puerum
530 1398 774 1478 repraesentare
794 1413 853 1477 pro
879 1393 948 1475 lege
970 1394 1166 1469 babuerunt;
1197 1398 1229 1459 et
1251 1398 1328 1458 tunc
1356 1394 1460 1476 ipsum
1484 1394 1580 1458 etiarn
1602 1396 1759 1458 Amorum
1782 1400 1814 1460 et
1834 1397 2022 1478 angelorum

373 1505 582 1586 geniorumve
610 1501 860 1565 minusculorum
885 1519 995 1563 rursus
1015 1500 1154 1564 eltloruit
1174 1501 1275 1565 ubera
1297 1500 1479 1582 conceptio;
1510 1501 1628 1565 scilicet
1658 1501 1691 1565 in
1718 1502 1874 1584 inpubere
1893 1505 2022 1571 nuditas

375 1610 554 1692 simplicem
575 1612 775 1672 venustatem
797 1606 865 1670 sine
887 1607 1010 1671 offensa
1031 1611 1063 1672 et
1084 1608 1176 1689 quasi
1196 1608 1401 1672 sanctitatem
1423 1607 1531 1671 habet.

478 1715 544 1780 Nos
565 1735 639 1779 vero
661 1715 693 1778 in
724 1713 798 1795 ipsis
819 1713 994 1777 Amoribus
1016 1714 1271 1796 contemplandis
1299 1714 1418 1778 diutius
1447 1714 1648 1779 detineamur
1666 1734 1795 1778 necesse
1818 1715 1886 1779 erit.
1930 1717 2024 1781 Anti·

378 1823 485 1905 quitus
506 1823 589 1886 enim
619 1825 654 1885 ut
682 1821 715 1884 in
737 1820 807 1883 aliis
829 1820 926 1884 rebus
944 1820 1141 1898 multifaria,
1172 1821 1218 1885 ita
1240 1822 1271 1885 in
1295 1821 1357 1885 hac
1379 1841 1508 1903 quoque
1538 1822 1679 1903 corporis
1698 1822 1868 1887 infantium
1898 1823 2024 1887 confor-

376 1930 516 1993 matione
529 1932 561 1992 et
576 1928 784 1992 exornatione
801 1927 962 1991 inmortali
978 1947 1037 1991 suo
1055 1928 1201 2010 exemplo
1220 1927 1364 2008 praeivit.
1408 1929 1563 1991 Amorum
1583 1928 1702 2010 quippe
1722 1930 1861 2011 populus
1881 1930 2024 1995 minutus

376 2036 598 2119 imperatoriae
618 2035 791 2118 praecipue
807 2035 921 2099 aetatis
938 2039 1147 2098 monumenta
1165 2034 1303 2116 plurima
1327 2034 1515 2099 dulcissimis
1537 2034 1602 2098 suis
1623 2035 1802 2100 simulacris
1817 2036 2022 2112 exhilaravit;

373 2144 486 2207 ludunt
508 2143 595 2207 lusus
613 2143 680 2206 sive
702 2142 814 2206 inanes
841 2141 908 2206 sive
932 2140 1167 2206 dissimulantes
1192 2141 1401 2223 gravitatem
1434 2142 1691 2206 circumvolitant
1711 2142 1812 2206 vitam
1842 2143 2021 2208 humanam

373 2250 539 2331 geniorum
562 2251 715 2313 instaret
737 2249 840 2332 ipsam
855 2249 941 2313 hanc
963 2249 1063 2312 vitam
1083 2268 1140 2329 per
1163 2248 1413 2312 deminutionem
1435 2248 1626 2330 exprimunt.
1670 2249 1768 2313 Cuius
1789 2250 1834 2313 rei
1856 2254 1887 2313 et
1909 2252 2023 2315 notitia

372 2361 404 2420 et
429 2356 602 2421 admiratio
624 2375 702 2420 sane
723 2355 912 2437 pervulgata
930 2358 991 2430 esl;
1013 2374 1080 2418 non
1101 2355 1179 2418 satis
1200 2359 1309 2418 autern
1331 2354 1441 2418 mirari
1461 2355 1567 2435 potui,
1591 2355 1688 2436 quod,
1712 2356 1766 2437 qui
1789 2357 1828 2420 de
1849 2357 2024 2422 Amoribus

375 2468 526 2544 egerunt,
560 2482 666 2545 neque
687 2462 923 2544 quaesiverunt,
945 2460 1032 2525 unde
1053 2461 1185 2525 tandem
1206 2481 1259 2525 ars
1281 2465 1313 2531 et
1331 2461 1436 2542 poesis
1457 2461 1592 2543 antiqua
1610 2462 1642 2524 in
1665 2482 1776 2526 eorum
1806 2463 2023 2528 inventionem

374 2571 507 2634 inducta
527 2571 577 2645 sit,
600 2589 704 2651 neque
725 2569 856 2633 omnino
879 2571 1087 2650 respexerunt
1109 2568 1209 2632 vitam
1229 2587 1433 2632 communem
1452 2588 1490 2631 ex
1504 2588 1570 2650 qua
1585 2569 1676 2650 quasi
1696 2569 1792 2633 unico
1815 2570 1902 2635 sonte
1919 2572 2023 2636 omnis

375 2677 453 2740 artis
473 2677 622 2757 cogitatio
650 2675 831 2740 redundare
854 2680 886 2739 et
907 2694 1059 2739 emanare
1080 2675 1169 2738 solet.
1217 2674 1301 2751 Quin
1323 2675 1420 2738 etiam
1446 2694 1499 2738 ars
1520 2676 1612 2757 quasi
1635 2676 1799 2758 speculum
1826 2677 1911 2741 vitae
1929 2678 2021 2759 6611).

374 2785 530 2846 Amorum
552 2788 660 2848 autern
683 2782 1010 2864 repraesentationem
1028 2786 1061 2845 et
1086 2801 1180 2845 usum
1212 2801 1405 2862 »puerorum
1433 2781 1649 2845 minutorum
1673 2783 1829 2846 artissime
1851 2803 1935 2847 nexa
1955 2804 2023 2848 esse

374 2891 466 2954 facilc
487 2889 664 2972 apparebit.

475 2998 515 3061 Et
535 2997 675 3079 primum
693 2998 776 3062 inter
797 2998 910 3062 ambos
933 3018 1103 3064 commune
1126 3000 1260 3078 horest,
1284 3000 1372 3091 quqd
1393 3000 1529 3063 infantes
1547 3004 1622 3063 sunt
1644 3004 1767 3063 sextum
1790 3020 1913 3064 annum
1934 3002 2023 3066 haud

371 3104 464 3168 facile
491 3105 768 3186 supergredientes
795 3104 973 3186 (mondum
1001 3108 1089 3170 omni
1118 3107 1213 3171 dente
1240 3112 1384 3183 renato«,
1419 3107 1558 3170 luvenal.
1592 3108 1646 3182 14,
1674 3107 1734 3185 11).
1789 3107 1901 3188 ltaque
1932 3108 2022 3189 ipsae

372 3211 568 3294 Cupidinum
591 3211 747 3294 imagines
767 3231 832 3294 quo
850 3212 957 3293 plures
978 3217 1062 3290 sunl,
1088 3233 1126 3277 eo
1147 3213 1337 3278 luculentius
1353 3213 1521 3290 illustrant,
1544 3217 1685 3295 quantus
1702 3213 1820 3277 harum
1835 3213 2023 3279 deliciarum

374 3338 465 3383 amor
488 3319 585 3383 etiam
601 3320 633 3383 in
652 3319 719 3382 vita
737 3317 840 3383 luerit.
884 3319 922 3383 ut
942 3323 1010 3382 tam
1032 3320 1182 3401 pusillum
1201 3321 1355 3385 Amorem
1377 3339 1445 3383 esse
1465 3325 1501 3384 ut
1523 3321 1555 3384 in
1579 3321 1658 3384 rosis
1678 3320 1792 3385 lateret
1811 3321 1860 3384 vel
1882 3321 1914 3385 in
1936 3323 2023 3404 rugis

375 3444 528 3504 genarum
551 3427 704 3490 insideret
732 3444 831 3506 supra
852 3425 1006 3501 vidimus;
1036 3426 1082 3490 sic
1102 3427 1200 3490 etiarn
1228 3427 1316 3509 apud
1338 3426 1508 3490 Horatium
1534 3427 1690 3490 >excubat
1709 3427 1741 3491 in
1764 3428 1882 3507 genis«.
1933 3428 2022 3493 Haec

375 3531 442 3595 eius
464 3536 607 3597 staturae
628 3532 808 3597 imminutio
831 3532 1000 3597 invaluisse
1022 3532 1088 3597 fere
1108 3533 1235 3597 videtur
1256 3533 1331 3597 inde
1359 3553 1379 3597 a
1399 3534 1658 3598 Ptolemaeorum
1682 3534 1810 3597 saeculo
1836 3539 1868 3598 et
1888 3535 1930 3598 ab
1953 3539 2022 3599 arte

376 3641 408 3700 et
429 3639 515 3719 poesi
530 3639 758 3703 Alexandrina.
801 3638 927 3702 Etenim
942 3639 1037 3703 huius
1058 3641 1228 3721 prosapiae
1241 3645 1351 3722 aperte
1372 3645 1447 3704 sunt
1467 3635 1861 3720 11116ῶροιἝρωτες6υω
1882 3641 2022 3705 lusciniis

476 3887 500 3953 1)
520 3885 631 3940 Latinus
648 3901 737 3940 sermo
755 3883 836 3940 offert
853 3883 963 3953 quidem
988 3901 1081 3939 vocem
1102 3886 1223 3955 pastillas
1247 3886 1320 3956 apud
1338 3887 1466 3941 Plautum
1484 3885 1560 3939 Asin.
1579 3887 1644 3950 694,
1666 3885 1773 3955 syllaba
1789 3887 1880 3956 prima
1896 3885 2022 3941 breviata

374 3972 447 4043 apud
459 3973 610 4027 Varronem
622 3971 745 4042 Menipp.
756 3972 808 4026 668
822 3973 866 4042 (l),
884 3971 930 4026 sed
948 3988 1009 4026 eam
1022 3971 1169 4040 utrobique
1187 3971 1221 4027 de
1238 3972 1335 4027 avibus
1350 3977 1510 4043 usurpatam
1523 3989 1611 4041 neque
1629 3989 1692 4027 vero
1706 3975 1739 4026 ut
1750 3990 1864 4042 puerum
1878 3971 2022 4041 significet,

372 4059 419 4112 sed
438 4059 524 4113 solam
541 4058 722 4127 parvitatem
744 4058 882 4128 praeclare
895 4057 1055 4126 conspirant
1070 4057 1203 4127 glossaria
1217 4058 1245 4112 in
1259 4059 1356 4128 quibus
1368 4078 1430 4114 cum
1442 4061 1550 4128 praellae
1567 4078 1634 4118 παις
1644 4058 1783 4122 reddatur,
1799 4076 1891 4126 papus
1912 4065 2024 4130 βρεφος,

372 4146 478 4214 pupior
502 4144 673 4215 παιδευομαι
700 4145 748 4215 (gl.
771 4143 985 4214 latino-graecae
1006 4144 1048 4199 od.
1067 4144 1159 4199 Goeta.
1184 4162 1211 4212 p.
1233 4145 1353 4210 164‚22;
1378 4145 1496 4211 16-1,20;
1523 4145 1556 4199 cf.
1582 4145 1688 4214 glossae
1712 4144 1855 4198 nominum
1873 4142 1900 4196 ΙΙ
1924 4162 1952 4213 p.
1971 4144 2022 4197 590

373 4234 465 4287 Goetz.
482 4249 576 4301 papus
595 4250 601 4284 :
620 4232 754 4295 parvulus
771 4231 866 4300 puer),
885 4234 982 4286 contra
1000 4231 1067 4300 pati
1085 4247 1140 4284 non
1158 4231 1311 4301 explicatur
1327 4231 1380 4286 nisi
1396 4251 1509 4304 μικροι,
1528 4231 1629 4286 iterum
1644 4237 1855 4302 ρα166μικρος,
1874 4224 1957 4289 αὐτος
1975 4229 2023 4298 (gl-

373 4316 588 4388 latinograecae
605 4336 632 4387 p.
650 4319 707 4382 165,
720 4317 774 4371 431.
810 4317 884 4386 Ergo
905 4334 959 4371 non
975 4317 1052 4386 pueri
1068 4317 1119 4387 ipsi
1136 4319 1200 4386 puta·
1218 4317 1386 4383 dicebantur,
1406 4318 1452 4374 sed
1470 4317 1550 4387 parvi
1568 4317 1688 4372 omnino.
1727 4319 1849 4386 Apparet
1866 4316 1950 4371 etiam
1970 4316 2022 4370 hac

371 4405 419 4460 via
442 4404 613 4460 corroborari
637 4403 802 4460 sententiam
828 4421 917 4458 meam
942 4420 998 4472 qua
1020 4402 1087 4457 olim
1109 4420 1141 4458 ex
1164 4404 1280 4473 Vergilii
1305 4405 1386 4460 catal.
1412 4405 1472 4468 9,2
1502 4402 1638 4458 eliminari
1665 4402 1730 4457 iussi
1760 4419 1854 4457 vocem
1884 4409 1968 4471 patus
1992 4399 2022 4453 in

372 4490 512 4561 prooemio
530 4491 672 4563 Mar-purg.
692 4490 786 4548 188611
811 4491 866 4546 »De
891 4487 1042 4560 participiis
1064 4490 1192 4560 perfecti«
1220 4508 1275 4560 eqs.
1292 4512 1319 4563 p.
1340 4492 1371 4545 13
1390 4490 1454 4545 adn.
1472 4489 1496 4544 2.
1544 4490 1640 4559 Neque
1662 4489 1717 4543 scio
1742 4506 1779 4543 an
1803 4488 1869 4543 66116
1886 4488 1943 4543 iam
1960 4489 2022 4541 tuta

371 4577 428 4632 sint
445 4595 515 4647 quae
533 4577 685 4648 (1166616611
703 4577 735 4634 G.
753 4577 874 4633 Groeber
890 4576 920 4630 in
938 4575 1021 4630 Areh.
1037 4576 1115 4630 lexic.
1136 4576 1173 4630 lv
1191 4597 1219 4648 p.
1236 4577 1288 4631 453
1306 4596 1346 4647 sq.
1366 4577 1411 4646 (cl.
1430 4576 1515 4631 etiam
1534 4575 1668 4645 Koerting
1684 4575 1865 4630 Lat-mmor.
1884 4573 2019 4627 Woerter·

373 4661 1001 4734 1661161891)(1666116661161161666616
1029 4662 1092 4716 »das
1111 4666 1165 4717 erst
1186 4663 1216 4716 in
1232 4664 1281 4719 der
1299 4662 1479 4718 Renaissance
1496 4662 1632 4717 ersoheint
1726 4678 1754 4717 66
1777 4661 1815 4716 161
1832 4659 1955 4715 olienbar
1972 4659 2022 4714 (166

375 4744 536 4819 Virgilische
552 4754 636 4818 patius
655 4751 684 4819 (1)
711 4749 836 4818 (Plautus
856 4749 985 4818 patittus)
1012 4747 1069 4801 und
1093 4749 1228 4817 gelehrtes
1252 4749 1423 4804 Lehnvvorts.
1466 4749 1593 4803 Ceterum
1619 4749 1654 4802 de
1676 4766 1774 4803 vocum
1796 4754 1882 4817 patus
1901 4746 2022 4816 putidus

374 4851 500 4890 mensura
516 4836 549 4889 cf.
568 4853 638 4904 quae
655 4835 775 4890 iudicavi
792 4835 810 4889 1.
828 4835 847 4888 l.
1355 4880 1359 4885 .

469 4922 496 4991 2)
515 4922 594 4976 Hunc
611 4923 701 4976 locum
719 4938 893 4977 communem
910 4920 984 4976 inter
1004 4922 1132 4991 antiquos
1150 4922 1291 4992 eleganter
1308 4921 1460 4992 disputavit
1476 4921 1606 4992 Apuleius
1624 4921 1658 4976 ds
1675 4919 1770 4991 magia
1786 4937 1810 4974 6.
1830 4920 1871 4973 14.

1824 5012 1840 5066 3
