4792 6120
1141 353 1241 417 XXIV

369 549 439 614 alas
453 548 618 631 adpositas
628 567 696 612 esse
709 547 945 613 demonstrabo.
976 548 1011 612 ld
1026 567 1142 632 nempe
1153 548 1240 631 quod
1251 549 1300 612 vel
1313 549 1412 613 nostri
1423 549 1495 613 aevi
1505 549 1634 615 mimica
1651 552 1683 613 et
1695 549 1808 615 saitica
1820 569 1945 616 scaena
1955 570 2020 617 non

369 657 438 720 sine
449 674 576 719 summa
591 655 788 719 iucunditate
802 654 845 719 ad
859 655 1008 720 effectum
1021 656 1177 738 perducit,
1192 677 1235 721 an
1250 657 1485 738 incompertum
1500 656 1595 720 fuisse
1610 656 1782 721 credideris
1797 657 2018 724 sollertissimo

370 763 497 844 ingenio
513 763 741 845 antiquorum?
783 762 895 826 Tradit
911 761 1104 827 Plutarchus
1118 763 1150 828 in
1167 763 1234 828 vita
1246 762 1377 827 Antonii
1397 781 1423 825 c.
1442 763 1498 827 26:
1521 762 1692 845 Cleopatra
1713 763 1862 846 Cydnum
1881 765 2020 830 flurium

373 869 502 952 uarn'gio
532 872 647 933 aurato
677 868 853 933 ascendens
880 869 949 951 ipsa
976 870 1153 935 recubabat
1181 871 1242 935 sub
1272 870 1342 933 velo
1370 889 1469 934 aureo
1495 869 1648 952 graphice
1669 870 1828 936 adornata
1847 875 2021 955 tamquam

369 977 491 1054 Venus,
523 976 640 1048 παῖδες
668 975 705 1037 δὲ
737 979 804 1048 τοῖς
827 980 991 1058 γραφικοῖς
1006 973 1142 1057 Ἔρωσιν
1170 976 1355 1057 εἰκασμένοι
1385 976 1462 1056 παρ’
1491 974 1644 1056 ἑκάτεροι
1672 974 1812 1051 ἑστῶτες
1841 978 2019 1058 ἐρρίπιζον.

370 1082 439 1147 Hos
458 1104 574 1166 pueros
595 1083 735 1148 minutos
757 1083 852 1148 fuisse
873 1084 947 1149 inde
968 1085 1136 1149 manifesto
1157 1085 1293 1148 efficitur
1315 1084 1403 1166 quod
1423 1085 1580 1148 Amorum
1602 1088 1711 1166 partes
1732 1087 1842 1166 agunt
1887 1085 1928 1150 Et
1944 1104 2020 1150 usos

374 1188 427 1253 hic
450 1190 595 1254 videmus
611 1190 758 1266 flabellis;
781 1188 840 1253 nisi
862 1190 941 1254 forte
963 1191 1039 1272 ipsis
1060 1191 1117 1255 alis
1139 1190 1339 1255 ventilabant
1351 1191 1509 1254 Amorum
1531 1190 1610 1266 ritu3
1632 1190 1671 1254 cl.
1695 1190 1772 1255 illud
1795 1190 2022 1271 πτερύγεσσιν

369 1298 539 1382 ἀνέψυχον
561 1297 648 1378 apud
668 1297 801 1361 Bionem
823 1297 964 1379 epitaph.
987 1297 1092 1361 Adon.
1112 1317 1141 1360 v.
1163 1299 1204 1361 85
1228 1296 1338 1379 (supra
1358 1318 1388 1379 p.
1409 1296 1529 1378 1111111).
1572 1298 1625 1362 Sic
1645 1297 1751 1379 igiturr
1761 1298 1839 1381 pupi
1860 1298 1896 1363 in
1918 1297 2020 1382 Cupi·

372 1403 462 1467 dines
478 1403 800 1467 transformabuntur.
842 1404 880 1466 Et
905 1403 984 1467 haec
1011 1403 1141 1485 quidem
1162 1403 1201 1467 de
1216 1403 1401 1485 Cleopatra3
1433 1424 1492 1468 nec
1512 1424 1589 1469 vero
1612 1405 1717 1469 diflert
1737 1405 1824 1487 quod
1855 1405 1899 1470 de
1924 1405 2020 1471 Helio

371 1509 509 1573 Caesare
530 1510 719 1592 Spartianus
736 1529 762 1573 c.
779 1510 874 1586 5,10:
897 1510 1082 1573 cursoribus
1102 1512 1171 1573 suis
1192 1514 1331 1591 eutropio
1354 1511 1551 1595 Cupidinum
1572 1515 1644 1576 alus
1663 1512 1846 1594 frequenter
1866 1513 2022 1592 adposuit

370 1636 480 1702 cosque
498 1627 660 1680 acciturum
677 1617 857 1681 nouriuibus
879 1637 971 1700 saepe
993 1618 1138 1680 vocitarit
1161 1617 1291 1681 Borean
1313 1621 1423 1695 atium,
1447 1621 1547 1682 ulium
1565 1619 1683 1682 Notum
1783 1619 1968 1703 appellans.

467 1723 536 1788 Hoc
560 1724 654 1789 addo.
700 1727 861 1806 Augustus
883 1728 1082 1806 quantopere
1107 1726 1245 1807 pupulos
1266 1726 1298 1789 in
1320 1725 1439 1789 deliciis
1460 1725 1610 1790 habuerit
1630 1745 1729 1807 supra
1749 1725 1933 1807 expositum
1955 1731 2023 1805 est3

371 1831 457 1894 idern
478 1831 644 1915 princepS,
673 1851 747 1895 cum
769 1831 950 1896 Germanici
973 1832 1087 1897 filiolus
1112 1833 1195 1897 »iarn
1216 1852 1426 1915 puerascens«
1449 1837 1481 1897 et
1511 1833 1643 1914 »insigni
1667 1832 1851 1897 festivitate«
1876 1833 2023 1911 obiisset,

371 1939 439 2002 eius
469 1938 671 2019 »effigiem
704 1938 850 2003 habitu
876 1939 1108 2020 Cupidinis«
1144 1959 1242 2021 quam
1266 1940 1363 2003 etiam
1384 1940 1474 2005 Livia
1502 1940 1534 2003 in
1556 1940 1636 2004 aede
1657 1939 1856 2021 Capitolinae
1884 1939 2024 2006 Veneris

372 2044 553 2118 dedicabat,
582 2045 649 2126 ipse
681 2045 732 2108 »in
761 2044 907 2109 cubiculo
937 2066 995 2110 suo
1022 2047 1175 2129 positam,
1205 2046 1417 2129 quotiensque
1437 2046 1597 2121 introiret,
1620 2045 1882 2110 exosculabatur«
1917 2047 2023 2128 (Suet

370 2152 468 2232 Calig.
492 2152 527 2225 7;
558 2171 656 2233 supra
683 2173 714 2234 p.
737 2151 816 2231 XII).
868 2152 946 2216 Vide
972 2173 1071 2234 quam
1102 2152 1193 2217 facile
1223 2152 1293 2217 alae
1323 2153 1467 2217 adiectae
1498 2153 1561 2216 sint
1591 2153 1623 2215 in
1652 2153 1901 2217 consecratione.
1953 2155 2022 2219 Iam

371 2258 492 2321 verosi
516 2258 586 2339 quis
608 2259 769 2339 egregiam
790 2259 926 2339 Augusti
948 2263 1098 2335 statuam,
1121 2279 1205 2340 quae
1226 2260 1354 2323 Primae
1370 2260 1487 2324 Portae
1508 2259 1633 2335 dicitur,
1656 2258 1837 2340 respexerit,
1858 2278 1926 2324 non
1952 2262 2025 2327 sine

373 2364 585 2427 admiratione
607 2366 759 2428 Amorem
781 2364 824 2426 ibi
848 2364 1020 2446 pupulum,
1049 2366 1233 2447 parvulum,
1264 2368 1342 2448 quin
1364 2367 1461 2430 etiam
1484 2366 1591 2431 debito
1612 2366 1833 2442 minutiorem,
1855 2366 1898 2430 ad
1920 2368 2025 2449 pedes

370 2472 507 2553 Augusti
529 2472 561 2534 in
584 2470 734 2552 delphino
754 2470 916 2536 sedentem
942 2471 1169 2553 deprehendet.
1212 2474 1251 2537 Et
1268 2493 1380 2538 verum
1402 2473 1488 2537 hunc
1504 2493 1572 2536 esse
1592 2475 1744 2536 Amorem
1762 2472 1894 2536 Veneris
1916 2473 2025 2540 filium

369 2598 434 2641 non
453 2578 622 2659 delphinus
638 2579 757 2655 solum,
787 2579 844 2642 sed
863 2577 967 2659 magis
996 2578 1093 2642 etiam
1115 2579 1246 2643 Veneris
1275 2600 1349 2643 cum
1371 2584 1465 2661 gente
1486 2579 1564 2644 lulia
1579 2579 1729 2660 cognatio
1757 2578 1873 2661 prodit.
1923 2579 2025 2658 Quod

370 2691 406 2749 ut
421 2688 567 2749 constare
585 2684 666 2760 dico,
687 2685 732 2747 ita
745 2687 855 2748 tamen
871 2704 935 2748 non
949 2685 1016 2748 sine
1034 2686 1152 2766 gaudio
1168 2687 1212 2750 sic
1230 2686 1406 2751 exhibitum
1421 2687 1596 2768 principem
1615 2703 1754 2765 agnosco
1772 2686 1827 2767 qui
1843 2686 2024 2767 pasionum

371 2796 439 2856 tam
458 2811 571 2855 amans
590 2791 685 2854 fuerit
695 2790 728 2872 ¹).

466 2898 620 2979 Denique,
637 2898 692 2961 ubi
711 2897 750 2960 de
761 2899 907 2978 Augusto
922 2917 972 2961 res
986 2903 1042 2975 est,
1060 2899 1131 2981 quis
1147 2918 1212 2962 non
1230 2917 1376 2979 gemmae
1393 2897 1579 2980 splendidae
1597 2897 1781 2961 recordetur
1793 2898 2018 2978 ›Augusteae‹

370 3005 675 3086 vindobonensisll,
705 3004 756 3068 cui
781 3004 914 3068 incisam
936 3004 1136 3084 imperatoris
1164 3005 1353 3086 apotheosin
1381 3023 1450 3068 esse
1472 3003 1628 3069 credunt?
1670 3005 1709 3068 Et
1735 3005 1767 3067 in
1797 3005 1864 3069 cius
1893 3006 2018 3087 generis

371 3111 495 3175 artificii
520 3111 781 3194 interpretatione
810 3130 930 3192 magna
958 3111 1087 3193 quidem
1122 3112 1248 3175 animus
1277 3110 1501 3176 incertitudine
1529 3110 1714 3185 obducitur;
1744 3110 1787 3174 nil
1815 3115 1924 3177 tamen
1941 3130 2011 3175 am·

372 3217 535 3299 biguitatis
572 3218 670 3282 hahet
703 3217 791 3300 quod
820 3219 1003 3298 Augustum
1038 3237 1112 3281 cum
1149 3218 1254 3281 Ronra
1292 3217 1353 3281 dea
1393 3217 1425 3280 in
1463 3220 1627 3298 segmento
1668 3217 1816 3297 imaginis
1853 3217 2012 3300 superiore

371 3328 601 3406 recognorunt;
636 3325 678 3389 ad
715 3325 840 3389 laevam
871 3344 947 3388 vero
969 3325 1106 3404 Augusti
1137 3324 1196 3387 dea
1226 3323 1315 3387 humi
1347 3323 1490 3387 consedit
1519 3343 1591 3386 cum
1620 3342 1720 3387 cornu
1749 3324 1958 3401 Amaltheae,
1984 3328 2017 3389 et

371 3451 480 3495 secum
496 3451 569 3496 ecce
585 3432 684 3496 habet
695 3452 734 3496 ea
749 3452 866 3514 pueros
879 3432 1018 3496 minutos
1033 3432 1113 3496 duos
1127 3432 1265 3495 investes
1280 3431 1348 3494 sine
1362 3429 1432 3504 alis3
1452 3430 1572 3494 Gaeam
1588 3430 1672 3493 hanc
1688 3430 1754 3494 sive
1765 3431 1928 3495 Tellurem
1948 3451 2019 3497 ease

372 3538 446 3602 inde
465 3539 708 3620 comprobatur,
739 3539 827 3621 quod
855 3538 951 3602 etiam
981 3538 1034 3602 alii
1056 3539 1193 3602 artifices
1213 3543 1245 3602 et
1272 3537 1436 3601 sedentem
1456 3536 1540 3600 hauc
1570 3537 1664 3600 deam
1687 3541 1719 3601 et
1742 3557 1842 3602 cornu
1861 3538 2020 3604 ubertatis

369 3647 532 3707 tenentem
551 3648 582 3709 et
604 3664 624 3708 a
644 3645 781 3727 propriis
802 3645 885 3709 binis
906 3644 1082 3709 infantibus
1105 3645 1337 3709 circumdatam
1357 3645 1537 3724 fingebant;
1565 3644 1739 3725 specimina
1760 3645 1859 3708 videri
1882 3651 2021 3726 possunt

374 3750 461 3831 apud
484 3749 587 3815 Conze
604 3750 747 3815 Heroen-
764 3752 831 3816 und
854 3752 1139 3832 Goettergestalten
1164 3752 1208 3815 tb.
1230 3750 1305 3815 LVl.
1347 3753 1447 3815 Amat
1466 3770 1582 3832 nempe
1603 3750 1709 3814 Tellus
1731 3755 1834 3815 mater
1853 3752 2018 3834 pusiones

369 3855 539 3920 mulierum
561 3857 705 3936 delicias,
735 3863 903 3940 tamquam
931 3859 1101 3923 fertilitatis
1130 3863 1162 3921 ct
1189 3859 1408 3922 abundantiae
1429 3862 1595 3922 maternae
1625 3857 1815 3921 testimonia.
1864 3858 1946 3922 ilinc
1969 3864 2022 3925 est

369 3962 458 4043 quod
479 3963 549 4045 ipsa
569 3983 698 4046 quoque
722 3965 950 4031 »Abundantia
969 3969 1169 4047 temporum«
1190 3965 1223 4028 in
1245 3969 1374 4030 moneta
1383 3964 1549 4028 Corneliae
1564 3962 1736 4027 Saloninae
1751 3964 1884 4028 Gallieni
1907 3966 2020 4030 uxoris

370 4067 416 4131 ita
437 4069 627 4147 illustratur,
658 4075 694 4135 ut
722 4072 863 4152 puerulis
883 4072 979 4136 nudis
1002 4071 1257 4153 circumstipetur
1278 4072 1394 4153 quihus
1414 4089 1529 4135 aureos
1550 4068 1735 4144 distribuat,
1765 4070 1883 4134 adsunt
1907 4075 2020 4136 autern

371 4173 415 4237 ibi
437 4177 527 4257 pueri
559 4178 702 4260 quinque
722 4198 856 4242 numero
866 4178 901 4260 ³).
952 4178 1108 4242 Necnon
1137 4178 1277 4242 indidem
1309 4178 1502 4260 explicatum
1532 4175 1630 4239 habet
1652 4177 1858 4259 quodetiam
1882 4177 2021 4260 Priapus

370 4280 579 4348 fertilissimus
595 4284 646 4348 ille
662 4284 796 4348 deorum
815 4304 888 4349 cum
906 4285 1018 4349 iisdem
1036 4284 1155 4348 deliciis
1173 4285 1276 4349 lusum
1291 4285 1387 4366 gerit;
1411 4284 1484 4347 vide
1499 4281 1596 4346 modo
1611 4282 1852 4348 formosissimus
1867 4283 2020 4366 pusiones

371 4408 446 4452 curn
472 4389 590 4471 Priapo
619 4391 651 4454 in
681 4396 789 4455 statua
825 4391 967 4455 exhibita
996 4391 1084 4473 apud
1112 4391 1216 4456 Conze
1243 4392 1264 4455 1.
1292 4392 1311 4455 1.
1342 4388 1576 4455 tab.Lxxv11.
1627 4391 1694 4454 Iam
1723 4410 1799 4454 vero
1828 4391 1859 4454 in
1888 4410 2020 4471 gemma

476 4653 498 4721 t)
519 4651 561 4706 Sic
580 4652 650 4707 Iulia
668 4669 730 4707 cum
749 4671 849 4723 »parvo
868 4652 1015 4724 Cupidine«
1035 4651 1110 4722 apud
1128 4653 1283 4708 Martialem
1302 4652 1340 4707 v1
1361 4653 1545 4709 ranacario
1564 4671 1644 4724 opere
1662 4652 1788 4709 dedicata
1805 4657 1853 4708 est.

474 4737 501 4805 2)
520 4757 544 4792 r.
564 4755 587 4793 e.
607 4757 635 4808 g.
652 4739 768 4811 Mongez
786 4740 967 4811 lconogruph.
986 4742 1064 4795 Rom.
1083 4739 1120 4809 pl.
1142 4739 1187 4804 19,
1216 4738 1383 4794 Boumeister
1402 4758 1428 4795 ιι.
1448 4741 1522 4796 1793.

469 4823 496 4892 3)
517 4842 541 4878 ι.
562 4825 730 4883 Baumeister
749 4827 795 4898 fig.
815 4829 864 4882 cut
883 4845 916 4883 ex
934 4826 1097 4883 Froehuero.
