4792 6120
1150 470 1250 535 XXIII

473 663 545 730 Hoc
568 669 686 742 autem,
709 664 797 747 quod
819 664 877 729 alis
898 669 1010 729 carent
1032 665 1094 730 hae
1108 665 1264 748 imagines
1275 666 1307 746 ¹),
1328 667 1373 731 sic
1394 667 1594 750 explicarunt
1615 668 1674 732 viri
1694 669 1884 751 peritissimi,
1909 676 1945 736 ut
1964 692 2024 754 per

378 771 541 838 artificum
563 771 797 854 neglegentiam
828 772 897 836 alas
922 773 1163 854 praetenuissas
1192 793 1261 839 esse
1282 777 1489 837 autumarent
1500 773 1534 854 ²).
1577 775 1613 838 Id
1640 775 1770 858 quidem
1793 777 1900 842 miuus
1921 782 2025 854 recte;

374 880 477 944 Immo
496 878 651 961 operarii,
679 878 733 960 qui
755 878 817 942 hoc
845 878 1089 960 praestiterunt,
1120 879 1163 943 ad
1193 881 1294 944 vitam
1325 879 1534 944 cottidianam
1562 882 1694 962 propius
1715 883 1935 948 accedendum
1957 905 2025 951 esse

375 985 615 1060 existJ'marunt3
644 984 811 1066 fingebant
830 1003 947 1066 nempe
969 985 1002 1049 in
1030 984 1275 1050 delectationem
1297 986 1432 1050 divitum
1455 987 1593 1069 pupulos
1615 987 1700 1070 ipsos
1720 1007 1858 1070 quorum
1880 991 2023 1073 amplam

377 1096 542 1159 catervam
562 1110 620 1174 per
636 1090 770 1155 divitum
792 1091 946 1154 cenacula
965 1092 1077 1173 vagari
1098 1091 1261 1157 videbant

473 1197 624 1281 Sequitur
645 1201 682 1261 31
702 1197 888 1261 evincamus
901 1217 967 1261 non
984 1198 1086 1262 solum
1104 1198 1253 1280 pusIoues
1270 1217 1515 1280 nonnumquam
1528 1203 1560 1263 et
1582 1199 1667 1282 ipsos
1685 1201 1742 1266 alis
1764 1207 1935 1268 exornatos
1956 1225 2025 1270 esse

377 1307 409 1372 13
427 1306 508 1384 vita,
535 1304 593 1369 sed
613 1322 654 1367 ne
675 1303 835 1368 Amorum
855 1303 986 1387 quidem
1012 1305 1080 1369 alas
1101 1305 1232 1369 omnino
1263 1305 1344 1369 tales
1365 1305 1450 1369 visas
1471 1325 1539 1370 esse
1567 1325 1651 1388 quae
1675 1306 1759 1372 demi
1788 1328 1853 1372 non
1882 1316 2022 1392 possent.

375 1413 469 1479 Unde
491 1411 619 1493 utrique
645 1409 689 1474 illi
718 1410 800 1474 inter
821 1430 855 1474 se
883 1430 981 1492 quam
1012 1412 1090 1476 artis
1117 1411 1252 1476 vinculis
1280 1411 1439 1476 coniuncti
1462 1415 1494 1475 et
1523 1413 1614 1493 quasi
1637 1415 1865 1497 consanguinei
1892 1417 2023 1496 fuerint,

374 1539 450 1586 eum
470 1536 591 1600 magno
612 1518 701 1582 lucro
722 1516 917 1582 docebimur.

473 1626 594 1690 Iocum
613 1624 654 1688 de
675 1626 794 1688 Amore
814 1624 1032 1701 utilissimum,
1063 1624 1119 1707 qui
1141 1625 1174 1688 in
1197 1623 1308 1688 litteris
1325 1626 1414 1688 extat
1435 1623 1572 1702 Latinis,
1595 1625 1684 1690 haud
1705 1627 1771 1691 scio
1793 1648 1835 1692 33
1856 1630 1934 1694 satis
1954 1631 2025 1695 ani·

375 1752 471 1799 nrum
495 1731 690 1798 adverterint
720 1731 798 1795 artis
826 1731 980 1814 antiquae
1012 1736 1182 1796 amatores.
1229 1730 1388 1794 Ascanius
1416 1730 1448 1794 in
1479 1731 1626 1796 Aeneidis
1653 1732 1733 1798 libro
1764 1736 1868 1816 primo
1895 1740 2020 1802 sextum

378 1858 503 1906 annum
522 1842 605 1903 certe
625 1856 691 1902 non
712 1837 862 1912 excessit;
881 1857 956 1902 nam
980 1838 1140 1902 aDidone
1161 1842 1193 1901 et
1215 1837 1336 1918 gremio
1358 1836 1460 1918 accipi
1482 1841 1587 1919 potest
1606 1843 1638 1904 et
1656 1839 1741 1904 dulci
1762 1842 1870 1906 osculo
1890 1844 2024 1909 mulceri

380 1945 424 2029 (v.
451 1946 655 2024 685-687);
693 1944 815 2026 gremio
844 1944 964 2008 tollitur
1001 1945 1044 2008 ab
1077 1945 1146 2026 ipsa
1174 1963 1304 2026 quoque
1331 1942 1453 2007 Venere
1487 1943 1528 2025 (v.
1559 1944 1642 2025 691),
1700 1947 1761 2012 Η13
1797 1952 1905 2013 autem
1942 1970 2025 2032 puer

378 2053 519 2118 minutus
539 2051 572 2115 in
594 2050 748 2115 Amorem
770 2068 844 2114 ecce
866 2049 1130 2132 transfiguratum
1154 2050 1261 2114 Venus
1283 2050 1326 2114 ad
1347 2050 1501 2115 Amorem
1523 2072 1552 2116 v.
1577 2053 1637 2118 683
1659 2073 1748 2136 sqq:

881 2173 922 2228 'l'u
941 2173 1040 2229 faciem
1056 2172 1129 2228 illius
1146 2176 1255 2228 noctem
1273 2189 1330 2227 333
1348 2173 1466 2242 amplius
1483 2191 1568 2229 unum

879 2261 955 2317 Felle
967 2261 1031 2315 dolo
1044 2264 1072 2316 et
1085 2263 1164 2315 33133
1181 2259 1279 2331 pueri
1291 2276 1373 2330 puer
1391 2259 1474 2314 indue
1491 2261 1588 2325 voltus,

812 2346 863 2400 685
881 2347 919 2402 Ut
936 2364 999 2402 cum
1017 2347 1159 2418 tegremio
1179 2347 1294 2416 accipiet
1308 2345 1457 2402 laetissima
1470 2347 1590 2403 Dido...
1678 2407 1681 2412 ,

881 2433 949 2488 com
966 2433 1046 2488 debit
1063 2433 1204 2504 amplexus
1215 2437 1299 2503 etque
1311 2434 1402 2488 333313
1412 2431 1502 2487 dulcia
1513 2432 1589 2501 figet,

880 2519 1023 2574 Occultum
1041 2520 1154 2590 inspires
1171 2519 1266 2590 ignem
1283 2536 1348 2588 equ.-

810 2606 862 2660 689
880 2606 962 2660 Paret
981 2608 1065 2659 Amor
1084 2606 1164 2661 dictis
1182 2623 1261 2661 carae
1279 2604 1425 2677 genetricis
1443 2603 1571 2659 atalae

880 2691 998 2746 Exuit.

378 2804 496 2871 Postea
522 2810 553 2871 31
584 2805 684 2871 »collo
713 2805 842 2869 Aeneae
879 2804 1049 2887 pependit«
1084 2803 1125 2885 (v.
1151 2804 1224 2886 715)
1256 2808 1288 2868 et
1331 2803 1469 2885 »gremio
1500 2803 1603 2867 fovet«
1640 2822 1714 2867 eum
1746 2803 1829 2867 Dido
1862 2803 1903 2884 (v.
1936 2805 2019 2887 718).

375 2911 566 2994 Exemplum
583 2912 794 2977 clarissimum
815 2911 877 2975 hoc
905 2916 953 2975 est
975 2931 1040 2975 non
1062 2911 1165 2975 solum
1187 2911 1298 2993 pupuli
1321 2910 1490 2975 amuliere
1516 2910 1550 2973 in
1571 2909 1690 2973 deliciis
1709 2909 1820 2988 habiti,
1843 2910 2017 2976 sedetiam

376 3019 506 3084 Amoris
525 3037 597 3084 eum
617 3019 740 3102 pupulo
763 3017 960 3082 commutati.
1004 3017 1153 3081 Ceterum
1174 3017 1251 3081 illud
1271 3019 1357 3082 33311
1381 3018 1451 3081 3133
1472 3037 1501 3081 v.
1524 3018 1585 3081 689
1613 3016 1646 3080 13
1668 3016 1737 3097 ipsa
1758 3015 1819 3080 hac
1841 3017 1892 3080 dei
1917 3023 2020 3083 meta·

376 3125 541 3208 morphosi
562 3125 678 3191 dixeris
698 3144 777 3189 sane
798 3123 934 3205 figurate
958 3144 978 3188 a
1000 3124 1137 3205 Vergilio
1159 3144 1227 3188 esse
1248 3129 1438 3206 usurpatum
1462 3124 1506 3187 sic
1527 3127 1563 3187 31
1584 3123 1934 3188 131333311333181.
1977 3127 2022 3190 At

376 3253 452 3298 vero
471 3232 576 3315 magis
595 3232 725 3314 dignum
748 3231 873 3314 poetico
895 3231 1021 3311 ingenio
1043 3230 1239 3313 phantasma
1255 3231 1321 3308 fuit,
1343 3230 1369 3294 si
1388 3230 1419 3293 in
1435 3249 1473 3294 33
1491 3230 1598 3312 potius
1614 3230 1803 3294 miraculum
1827 3232 2018 3312 ponebatur,

376 3340 464 3422 quod
482 3338 613 3422 proprio
633 3357 728 3403 seusu
750 3337 829 3401 deus
849 3338 957 3401 nescio
980 3357 1044 3419 qua
1067 3338 1097 3400 vi
1116 3338 1225 3402 divina
1246 3337 1373 3401 illaesus
1393 3337 1461 3401 alas
1485 3336 1545 3400 sibi
1565 3336 1691 3400 innatas
1713 3336 1869 3412 exuebat;
1900 3357 1964 3420 qua
1987 3341 2020 3402 13

377 3465 412 3509 re
430 3446 538 3511 valere
559 3445 681 3526 aliquid
700 3444 803 3527 potuit
824 3445 979 3508 memoria
997 3444 1143 3509 Mercurii
1165 3444 1247 3507 illius
1268 3443 1322 3526 qui
1345 3443 1552 3508 3113133131
1573 3446 1604 3507 et
1625 3442 1763 3507 exuebat
1776 3443 1892 3507 talaria
1913 3464 1972 3509 sua
1982 3444 2018 3525 ³).

379 3551 490 3634 Neque
517 3551 610 3615 decet
637 3553 741 3615 tacere
772 3550 859 3633 quod
888 3551 1026 3615 occurrit
1055 3552 1152 3615 etiam
1181 3551 1213 3613 in
1241 3550 1456 3615 monumentis
1479 3548 1627 3631 figuratio
1647 3549 1775 3613 Amoris
1805 3551 1944 3617 catenati
1969 3554 2020 3616 cui

378 3659 452 3723 alae
487 3660 661 3722 exuuntur:
703 3656 735 3722 id
766 3659 871 3739 ipsum
916 3658 1057 3722 cernitur
1102 3658 1135 3721 13
1171 3676 1300 3738 gemma
1335 3656 1495 3720 delineata
1539 3655 1627 3736 apud
1662 3655 1835 3737 Guigniaut
1873 3661 1950 3722 tom.
1979 3658 2021 3722 IV

378 3784 409 3830 n.
426 3762 568 3844 load⁴);
596 3782 679 3846 quae
697 3763 753 3828 ubi
774 3765 815 3828 sit
835 3763 884 3827 vel
905 3764 994 3828 euius
1016 3764 1056 3828 sit
1079 3763 1153 3828 fidei
1181 3763 1268 3845 quod
1287 3783 1402 3845 parum
1423 3762 1503 3826 mihi
1524 3766 1649 3826 constat
1670 3782 1766 3844 aegre
1787 3763 1864 3828 tero.

474 3871 504 3936 Is
524 3889 600 3935 vero
618 3871 673 3952 qui
691 3875 861 3936 exuentem
884 3872 952 3936 alas
975 3871 1070 3935 deum
1090 3870 1190 3953 fingit,
1213 3871 1310 3935 etlam
1329 3869 1499 3951 postmodo
1521 3888 1630 3934 rursus
1650 3869 1783 3936 induere
1800 3891 1855 3935 eas
1874 3873 2020 3936 statuerit

375 3997 505 4043 necesse
526 3981 581 4042 est.
619 3978 660 4042 Et
673 3980 779 4060 potuit
798 3998 876 4043 sane
894 3979 939 4043 ita
960 3982 1109 4042 statuere.
1154 3977 1247 4042 Certe
1269 3977 1356 4060 pusis
1379 3976 1475 4040 etiam
1496 3977 1529 4040 in
1545 3976 1612 4041 vita
1633 3977 1715 4042 sicut
1736 3977 1824 4042 Icaro
1846 3978 1877 4042 in
1899 3978 2018 4057 tabula,

478 4174 504 4242 l)
523 4174 657 4229 Venerem
674 4173 813 4229 marinam
829 4173 857 4227 in
876 4173 985 4243 pictura
1002 4174 1128 4228 Romane
1142 4173 1215 4245 pueie
1232 4171 1423 4229 ctrcumfuaum
1440 4171 1515 4226 infru
1532 4172 1660 4227 dicemus.

471 4260 498 4328 1)
518 4259 663 4330 1131113133
677 4258 707 4313 13
720 4259 936 4328 Wendgerntlde
954 4259 989 4314 ed
1005 4278 1033 4313 3.
1049 4260 1113 4314 785:
1134 4260 1269 4325 »Putto,
1288 4258 1530 4330 33331113311
1552 4287 1578 4296 -
1599 4258 1653 4313 Das
1665 4258 1767 4312 Fehleu
1779 4256 1826 4311 der
1840 4256 2020 4328 Befltlgelung

371 4343 409 4398 131
426 4343 633 4400 muthmaslich
642 4362 691 4399 333
700 4344 776 4400 einer
788 4344 1010 4415 Nechltesiglreit
1024 4345 1072 4400 dee
1085 4345 1185 4400 Meiere
1201 4363 1234 4399 33
1247 4345 1398 4399 erlxltrenc.
1434 4344 1640 4414 Furtweengler
1656 4344 1729 4413 apud
1744 4342 1910 4398 Roscherum
1928 4344 2021 4400 Lexiei

371 4430 490 4500 mythol.
508 4449 537 4502 p.
556 4430 636 4486 1369:
664 4430 871 4500 »Ungeilttgelte
888 4430 1009 4500 Bildung
1026 4431 1074 4485 dee
1088 4430 1154 4485 Eros
1173 4430 1209 4486 iet
1226 4429 1357 4501 nirgends
1375 4431 1416 4486 313
1434 4429 1631 4499 beabeiohtigt‚
1656 4430 1773 4484 eoudern
1790 4446 1843 4482 nur
1862 4430 2018 4485 33311331·

370 4517 514 4588 1133131311
530 4517 695 4573 3313133133
712 4517 769 4572 und
785 4535 857 4573 zuar
868 4517 1039 4573 namentlich
1057 4517 1086 4572 13
1103 4517 1314 4587 sptttrdmiecher
1329 4517 1387 4573 Zeit
1405 4536 1438 4572 33
1452 4517 1633 4573 333313113333
1648 4514 1693 4584 (t).
1730 4514 2020 4587 1313333331133113

372 4603 492 4659 Erotem
513 4604 769 4674 3333333311331133
786 4604 955 4660 3313133133
975 4604 1048 4674 apud
1065 4604 1166 4659 doctos.
1204 4604 1315 4661 Cautius
1334 4604 1399 4659 olim
1418 4603 1543 4660 Gerherd
1560 4600 1690 4657 iudicium
1707 4600 1774 4655 tulit
1792 4602 1892 4657 ›Text‹
1914 4620 1933 4672 p
1959 4603 2018 4658 331.

472 4688 498 4758 3)
517 4688 583 4742 Fors
600 4689 667 4744 tulit
682 4693 714 4744 31
726 4689 905 4761 cupidinibus
923 4688 1068 4744 accrevisse
1085 4689 1143 4744 3133
1162 4690 1252 4760 legere
1270 4707 1325 4744 non
1344 4690 1527 4754 memiuerim;
1547 4691 1635 4745 331331
1650 4704 1768 4742 crescam
1788 4687 1823 4742 113
1841 4689 2019 4759 potissimum

371 4772 467 4843 quiin
488 4791 582 4830 veram
599 4792 679 4831 erem
696 4779 848 4831 transeunt
886 4775 974 4831 Calais
991 4778 1020 4830 et
1037 4775 1133 4830 Zethee
1150 4777 1216 4831 dum
1233 4776 1319 4847 pueri,
1338 4777 1424 4831 etiam
1441 4776 1587 4848 implumes
1603 4777 1667 4830 3331
1673 4796 1680 4839 ;
1706 4789 1814 4843 pennae
1832 4773 1867 4828 iis
1883 4791 1940 4831 una
1957 4794 2019 4832 cum

371 4859 460 4916 barbe
476 4865 625 4917 1333333133
643 4862 733 4931 (Ouid.
752 4867 818 4919 met.
836 4863 876 4918 VI
895 4863 946 4916 714
961 4864 1040 4932 sqq).

471 4947 499 5018 4)
516 4948 661 5020 desumpta
678 4966 712 5005 ex
730 4949 873 5015 vivendo,
899 4966 1007 5020 gemme
1025 4949 1149 5015 eutiche,
1176 4950 1234 5006 tab.
1252 4949 1288 5003 11.
