4792 6120
912 475 984 540 XXl

121 672 231 738 sorbet
264 670 362 752 (idem
391 671 532 736 faciebat
553 670 741 734 Sarmentus
772 670 824 735 ille
844 671 996 754 Augusti,
1030 672 1103 736 vide
1132 672 1215 736 inira
1245 692 1276 753 p.
1301 670 1403 735 XXVI
1425 670 1502 753 sq.),
1536 671 1627 735 alteri
1657 675 1771 752 patera

121 779 301 863 ligurienda
321 778 512 860 porrigitur,
540 778 621 842 alius
642 778 763 842 tollitur
783 778 925 843 brachiis
946 784 978 843 et
999 799 1096 843 uvam
1117 779 1252 861 praebet
1273 779 1300 843 ei
1323 777 1524 856 muliercula,
1555 782 1703 860 quartus,
1735 784 1772 843 ut

121 886 285 970 particeps
302 884 359 949 ilat
380 884 527 967 potionis,
549 884 665 948 tacitus
683 887 831 966 precator
859 906 993 950 manum
1013 886 1103 950 tollit.
1147 887 1187 950 Et
1207 886 1338 949 iuvenes
1359 885 1491 967 Satyros
1512 905 1581 949 esse
1601 885 1772 949 sollemnes

121 1015 163 1059 ea
190 992 349 1058 modestia
380 991 570 1072 significavit
597 991 726 1069 artifex,
756 992 808 1055 vix
838 997 874 1056 ut
903 993 1030 1057 sentias.
1077 991 1226 1056 Ceterum
1255 992 1336 1056 haec
1365 1012 1494 1074 quoque
1522 991 1591 1074 ipsa
1618 992 1685 1056 vila
1714 997 1770 1056 est

123 1101 176 1166 Sic
195 1099 292 1175 mihi,
323 1099 422 1162 sicin
445 1098 593 1163 domibus
619 1118 788 1180 procerum
812 1099 923 1163 ludicri
950 1118 1049 1164 causa
1070 1099 1249 1163 adhibitam
1272 1118 1340 1164 esse
1361 1098 1505 1163 confidas
1533 1098 1772 1163 multitudinem

124 1225 284 1291 puporum
312 1224 394 1287 quos
422 1209 557 1285 παίγνια
587 1204 746 1269 dicebant.
800 1205 879 1269 ltem
908 1207 940 1270 in
967 1207 1113 1271 convivio
1148 1210 1265 1288 potans
1293 1206 1468 1270 infantulus
1495 1207 1654 1286 detegitur
1683 1206 1772 1288 apud

124 1312 283 1379 Claracll
313 1313 358 1377 lb.
381 1313 443 1376 215
470 1332 501 1376 n.
526 1313 594 1376 161.
647 1312 726 1377 1111111
756 1333 833 1377 vero
866 1333 909 1378 an
940 1314 1003 1378 alio
1033 1313 1113 1377 verti
1142 1317 1263 1395 potest,
1298 1314 1385 1395 quod
1417 1313 1448 1377 in
1480 1313 1555 1394 ipsis
1580 1313 1706 1377 Amoris
1740 1316 1772 1377 ct

122 1420 264 1504 Psyches
291 1420 457 1502 nuptiis,
489 1419 544 1483 ubi
566 1423 727 1501 pennatae
756 1420 798 1484 ad
829 1440 930 1485 unum
953 1440 1066 1484 omnes
1096 1420 1219 1502 figurae
1248 1424 1438 1497 cernuntur,
1472 1421 1532 1484 sub
1563 1420 1677 1484 lectulo
1708 1420 1772 1484 tale

121 1531 275 1607 παίγνιον
295 1527 354 1591 alis
375 1527 564 1591 destitutum
585 1546 780 1608 perparvum
796 1528 970 1592 demissum
987 1527 1077 1591 sedet
1094 1546 1192 1590 uvam
1214 1526 1431 1592 admordens?
1453 1526 1526 1591 vide
1549 1527 1768 1609 anaglyphum

120 1634 295 1716 repetitum
325 1632 413 1716 apud
442 1633 614 1714 Guigniaut
641 1633 661 1697 l.
691 1633 711 1697 l.
742 1653 772 1697 n.
794 1635 871 1710 4093
901 1634 1100 1698 Baumeister
1128 1653 1158 1698 n.
1189 1634 1277 1698 1610.
1336 1634 1408 1711 Qua
1436 1634 1469 1696 in
1499 1653 1534 1697 re
1564 1634 1772 1698 recordemur

122 1741 168 1804 ccl
204 1740 321 1802 παιδία
357 1742 398 1802 cd
434 1740 541 1819 γυμνοὶ
580 1744 708 1823 praesto
745 1741 841 1804 fuisse
876 1741 973 1804 etiam
1009 1741 1042 1804 in
1075 1740 1230 1822 nuptiis
1261 1740 1368 1804 Liviae
1396 1744 1429 1804 et
1459 1740 1644 1818 Octaviani,
1682 1740 1770 1822 quod

125 1848 221 1912 docet
249 1847 376 1912 Cassius
403 1848 462 1911 Dio
492 1847 615 1912 XLVlll
643 1849 700 1924 uh
734 1852 875 1912 ceterum
905 1848 945 1912 de
977 1847 1120 1929 Septimii
1151 1847 1259 1910 Severi
1290 1847 1391 1928 epulis
1420 1847 1554 1928 privatis
1586 1847 1631 1911 sic
1661 1847 1773 1929 incipit

127 1972 257 2018 narrare
286 1954 476 2036 Spartianus
512 1973 538 2018 c.
566 1956 602 2032 4,
627 1956 662 2019 6:
701 1955 735 2018 in
770 1955 822 2020 lis
856 1954 955 2019 bortis
986 1975 1056 2019 cum
1087 1955 1176 2017 humi
1214 1956 1320 2018 iacens
1359 1956 1543 2034 epularetur
1585 1975 1656 2017 cum
1691 1955 1772 2033 filiis

129 2060 305 2141 (Caracallo
328 2065 359 2126 et
380 2060 473 2141 Geta)
496 2081 601 2145 parco
630 2083 723 2142 cerac,
753 2083 908 2143 pomaque
938 2062 1086 2142 adposito
1112 2063 1215 2125 mutor
1232 2061 1337 2144 filius,
1368 2062 1423 2142 qui
1452 2069 1526 2125 tunc
1556 2063 1769 2147 quinquennis

123 2175 198 2246 erat,
220 2168 438 2232 conlusoribus
458 2168 605 2249 puerulis
627 2190 725 2232 manu
748 2171 886 2253 lurp-iore
914 2170 1068 2234 divideret
1090 2190 1155 2251 eqs.
1198 2168 1306 2233 Habes
1328 2188 1368 2233 en
1390 2167 1433 2231 ad
1461 2168 1572 2249 epulas
1593 2168 1769 2233 admissum

122 2295 252 2358 gregem
285 2276 506 2358 puerulorum,
542 2276 659 2358 quibus
689 2277 777 2341 mala
805 2277 837 2341 in
866 2296 966 2358 parca
989 2296 1070 2341 cena
1098 2275 1292 2340 dividuntur.
1347 2275 1429 2339 Sunt
1460 2279 1569 2339 autem
1602 2275 1634 2339 hi
1664 2276 1771 2339 minus

122 2382 256 2448 deliciae
276 2382 398 2447 domini
419 2402 517 2464 quam
540 2383 594 2447 11111
615 2383 806 2448 conlusores.

221 2504 305 2569 Hinc
322 2525 399 2570 vero
413 2509 450 2569 ut
464 2506 575 2570 orbem
591 2507 780 2589 compleam,
804 2507 846 2570 ad
859 2507 1017 2570 Amorum
1034 2526 1143 2571 rursus
1154 2506 1393 2570 similitudinem
1409 2505 1562 2569 transitus
1576 2505 1770 2570 conceditur.

125 2612 167 2676 Et
186 2612 326 2694 primum
354 2632 493 2695 propero
521 2613 564 2677 ad
592 2618 774 2678 statuam
805 2615 935 2678 tandem
959 2612 1042 2677 Nili
1065 2613 1309 2679 Vaticanum
1338 2612 1514 2676 exhibitam
1537 2612 1569 2674 in
1600 2612 1711 2676 tabula
1731 2613 1771 2677 lll

127 2717 222 2782 buius
234 2720 494 2797 commentarioli,
515 2721 547 2784 in
560 2740 625 2802 qua
639 2722 760 2803 pusi-
771 2740 906 2785 numero
921 2721 1060 2785 sedecim
1075 2756 1115 2764 -
1129 2720 1335 2784 formicarum
1351 2720 1415 2782 ritu
1427 2718 1563 2783 molliter
1578 2738 1617 2783 ac
1633 2718 1769 2782 delicate

127 2825 250 2907 grande
277 2825 378 2890 Fluvii
408 2846 523 2908 corpus
554 2827 814 2891 circumlusitant.
866 2826 964 2891 Cuius
990 2831 1100 2892 tamen
1130 2827 1320 2891 inventionis
1350 2846 1390 2890 ne
1419 2826 1608 2890 Vaticanam
1628 2829 1770 2890 statuam

125 2933 257 2997 unicum
276 2937 389 2998 toetem
409 2937 567 3016 putemus,
589 2934 768 2999 simillimae
789 2935 886 2998 etiam
908 2939 1018 2998 extant
1034 2935 1172 3012 Parisiis
1195 2933 1283 3015 apud
1302 2933 1433 3014 Anglos,
1457 2933 1545 3010 alias,
1568 2942 1770 2997 asservatae:

125 3040 199 3105 vide
221 3040 318 3105 modo
336 3041 449 3106 Clarae
465 3040 507 3104 lv
527 3041 643 3105 111745
664 3042 803 3120 111811,
825 3041 869 3104 th.
882 3042 942 3105 748
964 3062 994 3104 n.
1010 3042 1086 3105 1811
1112 3045 1143 3105 et
1166 3042 1255 3118 1813,
1277 3041 1321 3104 tb.
1345 3039 1445 3104 74th
1467 3061 1497 3104 n.
1512 3041 1588 3104 1811
1601 3040 1635 3103 B.
1676 3039 1716 3104 Et
1737 3040 1771 3104 hi

125 3147 256 3239 quidem
283 3147 355 3230 pusi
375 3147 418 3211 ab
437 3147 604 3212 altitudine
625 3147 739 3234 πήχεις
766 3147 919 3229 appellati
939 3152 1013 3211 sunt
1041 3148 1123 3211 sicut
1148 3167 1267 3228 parvus
1288 3146 1449 3210 homullus
1478 3146 1615 3228 δίπηχυς
1637 3146 1768 3211 Α1111101.

124 3253 192 3318 Pal.
213 3254 257 3318 XI
288 3256 362 3332 108,
392 3255 500 3319 Abcar
528 3259 656 3338 patimus
685 3256 775 3319 audit
799 3255 818 3319 l.
843 3255 863 3318 l.
889 3275 918 3318 v.
941 3256 976 3330 Q
1007 3258 1218 3318 numerantur
1246 3258 1354 3317 autem
1381 3253 1536 3331 sedecim,
1574 3253 1650 3335 quia
1681 3253 1771 3317 Nilus

126 3379 267 3442 evagans
286 3361 419 3426 totidem
442 3362 551 3426 cubita
580 3382 645 3425 non
674 3363 887 3443 exsuperabat
898 3362 930 3443 ¹).
973 3361 1220 3425 Describendam
1243 3360 1425 3424 huiusmodi
1452 3360 1590 3440 effigiem
1611 3360 1687 3423 olim
1709 3360 1770 3423 sibi

129 3465 222 3547 elegit
241 3467 452 3532 Philostratus
473 3469 570 3548 lmag.
595 3469 631 3546 V,
655 3473 686 3533 et
708 3469 819 3551 paucis
841 3469 955 3533 saltem
979 3487 1090 3533 aurem
1113 3468 1141 3532 ei
1163 3469 1389 3550 praebeamus:
1421 3468 1498 3547 περὶ
1519 3466 1577 3528 τόν
1598 3466 1716 3530 Νεῖλον
1740 3465 1770 3527 ol

130 3567 242 3655 πῆκέῑς
261 3569 425 3653 dalocum
444 3574 493 3656 (ci.
524 3574 711 3653 ddupououc
733 3576 821 3657 apud
843 3576 988 3640 Cassium
1008 3576 1140 3639 Dionem
1166 3574 1288 3639 XLVllI
1308 3576 1361 3649 ll)
1391 3573 1509 3635 παιδία
1532 3570 1702 3654 ξύμμετροι
1723 3577 1771 3653 τῷ

131 3677 280 3758 ὀνόματι,
300 3680 354 3741 καὶ
369 3678 387 3743 o‘
402 3680 515 3754 Νεῖλος
532 3681 642 3756 αὐτοῖς
656 3682 887 3762 cinepyu'curuc.
924 3680 1117 3762 προςᾰγιται
1131 3671 1189 3744 otiu
1262 3686 1367 3762 βρέφη
1381 3679 1498 3742 a‘nalcl
1513 3681 1566 3742 καὶ
1582 3680 1769 3760 μειδιῶντα,

128 3793 275 3865 μετέχειν
296 3787 334 3849 ‹tl
355 3778 449 3865 οἶμαί
463 3811 493 3851 τι
515 3789 601 3852 αὐτὰ
623 3791 677 3852 καὶ
699 3793 759 3854 τοῦ
781 3790 896 3853 λάλον
927 3790 980 3852 καὶ
1005 3788 1036 3852 οἱ
1054 3794 1116 3869 μὲν
1136 3793 1203 3862 τοῖς
1217 3785 1315 3867 ὤμοις
1335 3786 1437 3849 αὐτοῦ
1469 3785 1675 3869 &urbicorum
1701 3786 1768 3850 κτλ.

129 3893 287 3971 Quoniam
305 3915 381 3960 vero
393 3897 464 3978 pusi
478 3897 604 3961 Nilotici
618 3898 714 3962 etiam
729 3918 803 3962 curn
819 3898 985 3963 crocodilis
999 3897 1042 3961 ibi
1054 3917 1122 3961 rem
1138 3897 1269 3974 habent,
1284 3916 1349 3960 non
1364 3895 1489 3959 adferre
1505 3894 1579 3958 nolo
1595 3894 1768 3975 imaginem

127 4000 348 4066 admirabilem
369 4003 469 4068 Musei
489 4004 663 4068 Britannici
695 4004 906 4087 (Engravings
925 4006 955 4069 X
976 4004 1021 4070 tb.
1046 4004 1108 4084 27),
1137 4003 1286 4085 exiguam
1306 4007 1446 4067 statuam
1471 4002 1541 4065 dico
1563 4001 1653 4082 pueri
1674 4001 1769 4064 unius

125 4106 269 4185 investis,
301 4109 422 4191 origine
444 4116 502 4175 aut
523 4112 660 4195 Aegypti
681 4116 737 4175 aut
758 4111 952 4194 Aethiopici,
981 4112 1036 4194 qui
1059 4111 1091 4174 111
1112 4109 1271 4174 crocodilo
1293 4108 1506 4172 audacissime
1527 4111 1668 4172 cernuat.

222 4233 343 4300 Deinde
371 4256 448 4300 vero
478 4237 583 4301 locum
613 4237 750 4301 eundem
781 4236 821 4299 de
853 4236 915 4299 Nili
940 4235 1079 4317 imagine
1110 4234 1269 4299 Lucianus
1304 4232 1337 4296 in
1371 4251 1465 4296 usum
1493 4251 1588 4296 suurn
1615 4231 1710 4294 vertit
1736 4230 1769 4294 in

124 4338 305 4406 Rhetorum
333 4344 487 4425 magistro
522 4363 548 4408 e.
577 4346 612 4420 6;
649 4343 857 4408 Rhetoricam
893 4342 1037 4406 divinam
1067 4360 1239 4424 personam
1271 4338 1364 4415 facit;
1405 4358 1477 4403 eam
1511 4337 1768 4402 circumvolitant

126 4452 266 4510 Ειιαιιοι
297 4468 378 4531 quos
407 4451 564 4515 Amorum
594 4450 781 4532 pusillorum
812 4448 912 4513 instar
944 4448 1056 4513 haberi
1087 4448 1170 4527 vult,
1200 4445 1318 4526 Ἔρωσι
1346 4449 1469 4526 μικροῖς
1497 4441 1652 4521 leoncium
1692 4444 1767 4507 hinc

225 4678 251 4747 1)
269 4677 302 4732 cf.
320 4678 391 4733 Plin.
410 4698 437 4733 n.
454 4679 481 4733 h.
503 4679 624 4745 18,168;
649 4678 870 4750 HelbigFtthrer
888 4678 946 4734 111.
964 4678 1012 4744 47,
1037 4677 1084 4748 qui
1103 4677 1189 4731 etiam
1206 4676 1285 4731 haec:
1312 4677 1442 4744 »agenn
1465 4673 1526 4728 sind
1544 4691 1580 4727 au
1599 4671 1660 4726 dem
1681 4670 1770 4725 Flues·

125 4766 203 4832 gotte
280 4764 324 4820 die
342 4764 442 4835 Finger
459 4766 508 4820 der
526 4784 548 4820 r.
566 4765 661 4831 Hand,
688 4766 732 4821 die
749 4783 804 4819 von
821 4765 908 4820 dieser
927 4764 1007 4819 Hand
1025 4763 1191 4834 gehaltcnen
1210 4762 1319 4817 Aehren
1395 4760 1452 4814 und
1470 4759 1515 4814 die
1532 4758 1634 4823 Zehen‚
1653 4756 1770 4813 bmnahe

125 4869 162 4905 an
180 4851 251 4907 allen
270 4850 493 4923 Knabenfiguren
519 4853 567 4906 der
590 4850 773 4923 Oberlrttrper‚
801 4870 836 4907 an
862 4850 971 4921 einigen
994 4850 1065 4905 noch
1088 4849 1192 4904 mehr«.
1234 4849 1338 4904 Tamen
1362 4847 1451 4902 alatos
1475 4863 1530 4900 non
1553 4843 1635 4898 suase
1660 4842 1770 4901 abunde

126 4940 240 4993 condat.
