4792 6120
916 423 986 487 ΧΠ]

433 667 507 751 ΙΙΙ.
570 665 629 751 De
656 692 863 776 puerorum
902 667 1088 778 parvitate
1121 666 1244 751 iocose
1272 667 1471 753 celebrata.

230 854 298 919 Iam
319 874 394 920 vero
415 855 448 919 in
477 855 619 920 carmine
640 853 756 920 Catulli
777 855 818 919 de
839 874 904 937 quo
925 855 1030 937 agitur
1060 855 1122 919 tria
1151 860 1226 920 sunt
1246 875 1330 938 quae
1354 857 1534 938 ponderare
1555 854 1686 920 intersit.
1730 857 1770 921 Et

128 961 268 1045 primum
289 961 418 1043 quidem
447 981 592 1026 summus
613 961 657 1025 ibi
679 961 767 1025 iocus
796 965 906 1042 aperte
927 960 958 1023 in
981 960 1140 1042 parvitate
1162 966 1194 1025 et
1223 960 1351 1026 levitate
1372 962 1467 1026 amici
1496 963 1600 1045 posita
1629 967 1693 1037 est;
1722 963 1769 1026 in-

127 1068 228 1132 veniri
243 1067 407 1133 Canterius
428 1087 494 1133 non
512 1071 627 1150 potest,
650 1067 727 1149 quia
748 1086 813 1149 quo
834 1067 905 1149 quis
927 1067 1088 1144 minutior,
1109 1086 1147 1131 eo
1167 1066 1289 1130 facilius
1310 1068 1526 1133 absconditur.
1569 1067 1673 1133 Mirati
1694 1074 1768 1134 sunt

128 1175 314 1255 interpretes
335 1175 422 1257 quod
442 1176 477 1238 in
498 1174 613 1239 libellis
634 1173 771 1255 quaesiit
790 1193 865 1237 curn
886 1176 982 1255 poeta
1000 1171 1042 1253 (v.
1055 1171 1106 1253 4);
1130 1173 1180 1236 »in
1202 1173 1343 1238 tabernis
1360 1174 1625 1257 bibliopolarum«
1650 1194 1768 1257 suppo-
1855 1184 1860 1191 '

127 1281 263 1357 nebant3
285 1281 372 1363 quod
392 1280 543 1363 equidem
562 1280 881 1361 interpretamentum
901 1279 1080 1360 praefracte
1100 1279 1218 1344 reicere
1234 1299 1300 1344 non
1320 1281 1423 1344 ausim
1437 1280 1475 1362 1);
1498 1281 1637 1346 dubitari
1658 1286 1767 1347 tamen

127 1387 226 1468 possit
247 1406 289 1451 an
308 1406 373 1451 non
394 1406 475 1469 puer
495 1387 565 1469 ipso
585 1386 736 1450 librorum
757 1385 918 1450 volumine
934 1385 1095 1450 involutus
1110 1385 1277 1450 evanuisse
1293 1385 1425 1450 dicatur.
1468 1387 1562 1465 Quod
1578 1388 1605 1451 si
1620 1388 1768 1471 placebit,

127 1493 250 1574 plenior
270 1511 381 1556 sensus
407 1491 459 1556 hic
488 1493 563 1556 erit:
591 1491 735 1557 Catullus
763 1511 874 1555 omnes
902 1491 1075 1556 libellioues
1106 1491 1161 1573 qui
1189 1492 1232 1556 ad
1261 1491 1347 1556 viam
1374 1498 1467 1557 erant
1493 1493 1572 1558 adiit
1601 1498 1633 1559 et
1663 1494 1705 1557 ibi
1734 1494 1767 1558 in

129 1599 278 1664 omnibus
298 1597 513 1662 voluminibus
534 1596 691 1679 quaesivit
712 1596 905 1662 Camerium.

235 1704 358 1769 Certius
379 1708 603 1786 argumentum
620 1707 669 1768 est
688 1705 776 1786 quod
797 1704 895 1769 latere
918 1723 991 1768 eum
1013 1702 1157 1768 femellae
1179 1703 1289 1768 dicunt
1315 1703 1352 1767 in
1367 1705 1466 1768 roseis
1483 1705 1616 1786 papillis
1638 1703 1679 1784 (v.
1702 1703 1766 1782 ffl3

128 1831 212 1894 quae
231 1813 331 1876 verba
352 1831 409 1895 per
425 1830 458 1875 se
482 1810 707 1874 amoenissima
727 1810 919 1892 explicatum
938 1810 1113 1874 admittunt
1133 1810 1284 1874 bifarium
1305 1814 1403 1893 atque
1425 1811 1594 1876 diversum.
1637 1812 1677 1877 Et
1698 1811 1768 1875 libi·

129 1919 269 1984 dinosius
291 1918 420 2001 quidem
432 1918 504 1983 'hoc
526 1918 601 1996 erit,
631 1917 657 1981 si
679 1917 750 1999 quis
771 1917 954 1983 Camerium
977 1917 1058 1981 inter
1081 1917 1166 1999 ipsas
1186 1916 1322 1999 papillas
1342 1917 1547 1982 mulierculae
1568 1919 1650 1996 eius,
1683 1937 1767 2000 quae

128 2025 283 2107 loquitur,
320 2043 389 2088 sese
413 2024 592 2107 applicasse
616 2024 804 2100 arbitratum
839 2025 926 2107 quod
956 2023 982 2088 si
1010 2023 1098 2100 fecit,
1134 2023 1168 2088 id
1196 2024 1247 2088 vel
1275 2042 1436 2088 summam
1465 2024 1672 2105 exiguitatem
1700 2024 1767 2088 eius

127 2133 274 2208 denotat;
326 2131 408 2195 inter
444 2130 581 2214 papillas
627 2130 713 2195 enim
750 2130 873 2195 facilius
911 2130 1163 2196 commorabitur
1209 2130 1265 2213 qui
1302 2130 1449 2195 trimulus
1486 2135 1535 2196 est
1574 2150 1673 2213 quam
1712 2130 1767 2213 qui

126 2239 285 2314 sexennis,
316 2258 336 2302 a
367 2237 501 2303 decenni
528 2237 592 2301 iam
621 2256 751 2320 prorsus
778 2237 812 2301 id
833 2238 973 2303 alienum
1001 2238 1090 2302 foret.
1141 2237 1251 2303 Altero
1285 2256 1377 2316 vere,
1416 2238 1471 2320 qui
1500 2237 1625 2303 admitti
1657 2237 1766 2320 possit,

125 2347 285 2428 explicatu
319 2364 449 2426 prorsus
483 2344 597 2408 eodem
634 2344 793 2425 cogimur;
830 2344 963 2427 pulchre
998 2347 1106 2409 autem
1141 2363 1215 2408 eum
1251 2343 1404 2408 indicavit
1438 2344 1570 2408 Ellisius.
1623 2342 1766 2425 Papillae

126 2452 255 2535 quidem
295 2451 473 2534 puellarum
502 2455 539 2515 ut
569 2451 698 2529 niveae,
737 2451 910 2529 candidae,
948 2451 1101 2534 lactentes
1140 2450 1251 2515 audire
1293 2450 1412 2529 solent,
1454 2451 1499 2515 ita
1530 2455 1638 2515 tamen
1669 2450 1766 2513 etiam

126 2578 234 2622 roseas
272 2557 380 2621 vocari
416 2557 664 2622 condonandum
700 2561 760 2635 est;
800 2556 1005 2622 nihilominus
1043 2556 1104 2621 hoc
1143 2557 1231 2639 quod
1267 2560 1315 2622 est
1348 2577 1456 2621 roseus
1494 2556 1535 2622 de
1570 2557 1650 2622 rosis
1691 2555 1766 2638 ipsis

126 2668 316 2746 usurpatum
362 2684 429 2730 esse
467 2665 580 2747 potuit.
641 2665 829 2729 Statuamus
864 2664 904 2728 de
946 2663 1118 2729 corollariis
1160 2662 1273 2745 puellis
1320 2682 1441 2745 quasve
1482 2662 1765 2746 stephanopolidas

125 2771 237 2836 Graeci
257 2775 445 2854 nuncupant
465 2791 533 2836 esse
553 2790 732 2837 sermonem
742 2771 781 2849 ²);
814 2770 987 2854 ›papillae‹
1012 2790 1087 2835 vero
1116 2769 1213 2834 etiam
1236 2768 1360 2851 galeros
1386 2768 1503 2834 florum
1531 2768 1764 2850 significabant,

124 2878 269 2959 adprime
291 2896 454 2952 rosarum;
483 2877 509 2941 si
538 2877 682 2955 dubitas,
712 2878 811 2942 adeas
832 2876 1037 2959 Pervigilium
1064 2875 1193 2940 Veneris
1223 2875 1264 2957 (v.
1285 2877 1324 2940 14
1344 2881 1376 2941 et
1397 2875 1449 2957 at)
1480 2879 1512 2940 et
1542 2875 1663 2939 anthol.
1692 2873 1760 2938 Lat.

125 2984 210 3049 Ries,
240 2985 289 3060 84,
312 2985 339 3048 3.
390 2984 516 3048 Roseae
544 2983 683 3066 papillae
713 2983 808 3066 igitur
839 2988 974 3066 possunt
1001 3003 1069 3047 esse
1098 3002 1244 3047 rosarum
1274 2983 1380 3064 galeri.
1430 2983 1537 3047 Floras
1567 2980 1765 3063 corollasque

123 3091 344 3156 meretriculae
365 3090 398 3154 in
419 3090 553 3155 calathis
574 3090 756 3167 habebant;
779 3094 876 3172 atque
894 3090 959 3154 iam
981 3089 1024 3153 ibi
1042 3089 1101 3153 sirb
1123 3089 1203 3154 rosis
1223 3089 1273 3154 vel
1294 3089 1376 3153 adeo
1401 3088 1451 3152 »in
1473 3089 1569 3153 rosis<
1594 3089 1763 3170 puerulum

124 3197 261 3262 celatum
283 3216 351 3261 esse
372 3197 470 3261 iocari
490 3197 655 3273 videntur3
684 3216 744 3261 nec
766 3216 841 3262 vero
863 3197 1036 3261 ostendunt
1057 3195 1241 3260 Camerium
1262 3214 1367 3277 neque
1387 3195 1526 3259 reddunt
1547 3194 1682 3259 Catullo.
1725 3195 1765 3260 Et

123 3304 364 3385 ambiguitatem
386 3303 448 3367 hac
469 3323 598 3385 quoque
625 3303 658 3366 in
679 3322 808 3367 recum
836 3303 942 3368 studio
965 3305 1122 3367 sectatum
1144 3320 1212 3365 esse
1233 3305 1363 3382 poetam
1385 3300 1527 3377 confido;
1556 3301 1657 3366 utitur
1677 3301 1763 3365 enim

123 3411 253 3475 omnino
274 3429 363 3474 more
385 3409 605 3497 aenigmatico.
647 3409 810 3475 Utramvis
831 3414 939 3474 autem
961 3408 1078 3473 harum
1099 3407 1398 3489 interpretationum
1413 3407 1568 3489 sequeris:
1589 3407 1765 3471 minutulus

125 3536 250 3598 semper
269 3517 385 3580 evadet
406 3516 578 3580 Camerina

223 3622 315 3686 Nunc
334 3623 374 3687 de
395 3622 565 3704 exiguitate
585 3626 615 3687 et
636 3622 753 3687 harum
772 3619 989 3685 deliciolarum
1014 3625 1047 3684 et
1064 3619 1277 3702 pumilionum
1297 3617 1404 3700 paullo
1427 3617 1584 3700 copiosius
1605 3619 1761 3683 disseren-

125 3728 203 3792 dum
225 3729 292 3793 erit.

23 3994 25 4001 ,
227 3943 252 4011 l)
279 3941 360 3995 Usum
385 3958 448 3996 eum
472 3957 526 4010 quo
551 3938 647 3996 Graeci
671 3939 800 3995 dicebant
827 3937 859 3995 ἐν
881 3948 939 4001 τοῖς
963 3939 1057 4013 ἰχθύσι
1084 3939 1235 4010 (aristoph.
1258 3941 1339 4011 Vesp.
1364 3941 1424 4009 755)
1450 3940 1524 4006 sim,
1555 3940 1679 3996 imitatos
1705 3958 1760 3996 esse

123 4028 260 4082 Romanoa
278 4027 366 4082 adhuc
382 4044 437 4081 non
454 4027 622 4081 declaratum
641 4029 682 4080 ml
705 4025 778 4096 quod
795 4029 868 4082 recte
885 4027 1009 4083 Haedina
1035 4030 1130 4082 mouet
1145 4028 1164 4081 l.
1181 4028 1199 4082 l.
1217 4046 1245 4098 p.
1265 4027 1306 4082 10.
1343 4027 1375 4081 In
1393 4026 1509 4098 Priapeo
1527 4027 1543 4080 2
1563 4046 1587 4080 v.
1605 4027 1621 4080 2
1638 4027 1761 4083 earmina

124 4114 231 4168 »libello
249 4130 304 4167 non
322 4113 421 4197 digna«
441 4130 473 4169 eo
490 4129 569 4168 sensu
586 4110 716 4167 dicuntur
733 4115 765 4167 ut
790 4129 861 4167 »non
878 4111 978 4184 digna«
996 4112 1053 4168 sint
1069 4129 1140 4182 quae
1157 4111 1202 4166 »in
1219 4111 1283 4166 libri
1300 4112 1418 4168 formem
1433 4113 1546 4169 redacta
1561 4111 1765 4183 publicentur«.

122 4201 207 4255 Locus
224 4202 316 4256 autem
336 4199 471 4255 Martialis
488 4199 513 4253 V
532 4199 603 4265 20,8
621 4202 650 4254 et
667 4199 683 4253 9

627 4283 679 4341 Sed
695 4283 814 4356 gestatio
831 4284 942 4340 fabulae
961 4284 1048 4340 libelli

632 4371 749 4441 Campus
767 4370 889 4441 portiom
905 4369 1004 4425 umbra
1020 4369 1106 4440 Virgo
1126 4370 1250 4425 thermae

120 4461 162 4516 ita
179 4458 342 4530 compositus
359 4460 408 4522 est,
423 4459 455 4511 ut
467 4456 497 4511 in
509 4473 586 4512 versu
598 4456 747 4528 posteriore
762 4455 952 4511 tantummodo
970 4457 1049 4511 loca
1064 4473 1188 4520 amoena,
1206 4456 1236 4510 in
1249 4455 1340 4527 priore
1353 4457 1609 4526 occupationes
1629 4459 1763 4514 iucundae

122 4548 334 4616 componantur:
359 4558 425 4613 ergo
447 4542 551 4596 nullam
568 4540 832 4597 commendationem
849 4540 964 4596 haberet
980 4540 1003 4596 si
1021 4542 1081 4610 quie
1100 4543 1236 4599 ›libellos‹
1256 4542 1308 4598 hoc
1328 4542 1387 4597 loco
1404 4559 1454 4613 pro
1471 4544 1593 4600 tabernis
1610 4545 1675 4616 ipsis
1693 4545 1762 4600 acci·

121 4634 211 4702 peret;
239 4628 476 4700 interpretandum
501 4631 557 4682 mt:
584 4629 701 4698 gestatio
725 4627 755 4682 in
778 4625 838 4690 vis,
868 4625 977 4681 fabulae
1009 4625 1152 4683 hominum
1184 4630 1327 4694 uotorum,
1361 4627 1513 4684 libellorum
1538 4630 1632 4696 lectio,
1660 4630 1759 4686 deinde

121 4733 232 4786 campus
249 4733 304 4784 eqs.
340 4715 380 4769 De
399 4712 518 4784 Virginis
534 4712 689 4783 significatu
706 4711 831 4784 mpcsuit
848 4710 1071 4769 Friedlaenderua
1091 4715 1127 4771 ad
1145 4716 1163 4770 l.
1357 4788 1360 4793 Ι

217 4800 244 4871 2)
264 4801 345 4855 Iuvat
361 4799 406 4855 hic
423 4799 454 4854 in
471 4799 631 4856 memoriam
648 4815 776 4855 revocare
797 4797 997 4870 sarcophagum
1013 4801 1201 4856 Florentinum
1226 4801 1345 4857 feminae
1361 4799 1608 4871 stephanopolidis,
1637 4820 1707 4872 quae
1724 4804 1762 4860 sic

122 4887 162 4941 ibi
185 4885 308 4944 exhibita
330 4890 372 4942 cst
394 4890 427 4942 ut
449 4886 609 4957 lugeatura
631 4885 705 4956 pusis
727 4887 855 4958 pennatis
871 4886 929 4943 sive
953 4886 1111 4953 Amoribus3
1134 4887 1170 4942 cf.
1194 4887 1361 4953 Duetschlre,
1385 4885 1488 4941 Antike
1514 4885 1608 4942 Bildw.
1626 4889 1656 4942 in
1679 4890 1761 4946 Ober-

121 4973 218 5028 italian
234 4973 262 5028 n
277 4992 306 5030 n.
324 4971 385 5029 898.
