4792 6120
1144 445 1248 511 XXIX

372 642 699 725 defungar-Amor
719 661 866 707 anserem
892 660 956 705 non
978 641 1047 705 sine
1070 641 1101 705 vi
1124 641 1184 705 sub
1205 641 1339 706 brachio
1359 645 1502 724 portans,
1524 640 1718 721 intersigna
1740 659 1825 722 quae
1846 639 1889 704 ad
1905 660 2025 722 aquam

372 752 543 819 salientem
564 748 803 815 adhibebantur
825 745 876 829 (cf.
899 747 1099 813 Baumeister
1119 748 1254 812 Denlrnr.
1277 768 1308 812 n.
1331 748 1415 827 387).

476 856 542 923 Sed
562 856 646 921 aliae
667 856 797 938 insuper
818 855 975 938 plurimae
1004 856 1233 935 congruentiae
1254 855 1429 932 accedunt,
1460 874 1542 937 quas
1568 859 1678 919 tamen
1705 874 1745 919 ex
1768 854 1846 919 artis
1875 853 2027 936 operibus

373 984 449 1031 curn
470 983 570 1047 supra
592 962 722 1028 abunde
744 962 933 1027 contulerim
956 983 987 1045 p.
1010 962 1106 1041 XXli,
1127 963 1180 1027 hic
1202 962 1318 1026 iterare
1339 961 1458 1038 taedet,
1480 962 1652 1044 praecipue
1675 961 1737 1038 illa,
1759 980 1844 1044 quae
1864 961 1897 1025 in
1919 962 2026 1026 vincto

372 1090 479 1155 puero
501 1074 534 1135 et
553 1070 660 1135 vincto
686 1070 806 1133 Amore
835 1068 1036 1150 deprehensa
1058 1073 1106 1133 est
1138 1067 1189 1151 (ci.
1211 1070 1358 1135 tabulam
1379 1088 1487 1133 meam
1506 1068 1570 1150 VI).
1622 1069 1661 1133 Et
1682 1069 1788 1132 minus
1810 1069 1940 1151 quidem
1961 1068 2026 1132 for-

373 1180 462 1245 sitan
484 1178 548 1242 huc
576 1176 687 1241 reterri
715 1196 808 1259 posse
838 1176 954 1240 dixeris
983 1177 1226 1258 conceptionem
1254 1176 1445 1241 statuariam
1473 1176 1682 1240 clarissimam
1703 1177 1793 1258 pueri
1817 1176 1942 1258 spinam
1965 1179 2025 1242 sibi

373 1285 583 1361 extrahentis,
606 1303 690 1367 quae
709 1302 774 1366 quo
797 1283 998 1366 potissimum
1019 1282 1148 1347 saeculo
1169 1282 1310 1364 primum
1332 1287 1404 1347 orta
1425 1282 1481 1360 sit,
1511 1282 1676 1364 litigarunt
1697 1283 1869 1347 doctissimi
1889 1284 2025 1371 iudices3

374 1391 521 1457 concedo
549 1390 633 1456 enim
663 1390 750 1454 hunc
781 1390 912 1472 quidem
948 1390 1031 1454 inter
1064 1389 1239 1453 ›minutos‹
1280 1389 1412 1453 minime
1440 1409 1509 1453 esse
1536 1390 1784 1469 recensendum,
1824 1392 1942 1473 quippe
1970 1396 2026 1473 qui

375 1498 422 1564 ad
447 1498 620 1563 minimum
649 1497 778 1578 plenum
806 1497 990 1561 octennium
1022 1496 1138 1560 viderit
1148 1495 1188 1577 ¹);
1224 1496 1430 1561 nihilominus
1458 1497 1668 1562 memorabile
1697 1499 1764 1575 aio,
1803 1500 1890 1581 quod
1930 1499 2027 1565 etiam

373 1606 465 1672 hanc
493 1603 735 1686 conceptionem
757 1604 929 1668 transferre
950 1604 983 1667 in
1003 1603 1158 1667 Amorem
1180 1622 1245 1666 non
1268 1603 1470 1679 dubitarunt;
1492 1604 1565 1667 vide
1586 1603 1711 1685 Helbig.
1734 1625 1764 1668 n.
1787 1606 1863 1684 629,
1887 1606 2028 1671 Annales

374 1713 476 1779 instit
499 1716 521 1777 t.
542 1713 584 1776 48
603 1710 709 1776 tabO.

479 1818 626 1901 Denique
645 1816 790 1883 subicere
813 1815 918 1881 audeo
941 1816 1038 1879 etiam
1061 1815 1133 1880 hoe.
1171 1818 1272 1881 Amor
1293 1818 1350 1881 ubi
1371 1837 1444 1881 cum
1466 1817 1628 1899 papilione
1649 1838 1716 1882 rem
1740 1817 1854 1897 habet,
1881 1821 1947 1885 sive
1975 1821 2029 1886 iilo

374 1926 513 2011 ligatum
536 1925 634 1990 trahit
655 1924 721 1989 sive
743 1924 801 1988 alis
820 1922 991 2005 prehendit
1011 1924 1077 1987 sive
1098 1923 1168 1987 iace
1187 1924 1336 2002 incendit,
1360 1924 1581 1988 crudelitatem
1604 1926 1759 2006 puerilem
1780 1946 1940 2007 exercens,
1965 1930 2030 1995 iere

379 2052 507 2117 semper
528 2052 609 2116 puer
629 2031 772 2096 minutus
793 2035 856 2106 est3
879 2031 969 2094 cuius
983 2029 1096 2094 ludicri
1110 2049 1239 2094 sensum
1261 2030 1516 2112 metaphoricum
1529 2035 1674 2096 tenerum
1691 2033 1860 2098 sublimem
1877 2055 2030 2101 enarrare

377 2140 476 2207 bilius
502 2140 564 2205 loci
589 2158 654 2203 non
684 2138 781 2219 est2);
814 2138 956 2202 inventio
991 2157 1066 2201 vero
1099 2157 1138 2201 ex
1169 2156 1341 2218 puerorum
1375 2138 1442 2201 vita
1467 2139 1619 2202 manavit.
1670 2141 1793 2204 Etenim
1830 2144 2028 2224 papilionum

377 2252 551 2331 capturam
568 2250 601 2310 et
622 2245 798 2310 cruciatum
827 2244 933 2325 pueris
960 2245 1087 2325 placere
1117 2244 1188 2326 quis
1216 2244 1342 2324 ignorat
1370 2244 1420 2308 vel
1448 2263 1514 2307 non
1535 2250 1684 2328 expertus
1706 2249 1902 2315 affirmabit?
1931 2256 2029 2334 atque

377 2356 478 2423 etiam
500 2353 620 2419 adferri
645 2355 750 2435 potest
774 2352 861 2434 quod
893 2370 966 2415 cum
993 2350 1174 2415 scarabaeis
1195 2350 1377 2414 volantibus
1398 2351 1450 2413 frio
1471 2352 1560 2415 nexis
1583 2354 1763 2435 petulanter
1784 2357 1888 2420 lusum
1910 2364 2026 2440 gerunt

379 2462 470 2545 apud
490 2460 741 2541 Aristophanem
762 2459 844 2522 Nub.
868 2460 937 2535 763,
960 2458 1053 2539 Vosp.
1079 2458 1158 2522 tata
1181 2455 1248 2536 (ubi
1271 2457 1344 2520 vide
1365 2456 1487 2537 schol),
1511 2458 1694 2524 Herondam
1716 2462 1904 2543 (mimiamb.
1931 2466 1966 2530 ir.
1991 2468 2029 2530 14

383 2568 436 2635 ed.
454 2565 596 2646 bacch).
645 2566 729 2629 lusto
750 2566 817 2630 iure
839 2565 934 2645 igitur
960 2564 1057 2629 etiam
1088 2583 1153 2628 non
1177 2564 1281 2627 alatus
1303 2584 1382 2646 puer
1407 2560 1605 2646 'papilionem
1627 2567 1732 2648 digitis
1762 2574 1850 2634 tenet
1869 2572 1901 2636 in
1922 2591 2030 2636 sarco-

386 2672 496 2757 phago
514 2672 599 2737 edito
620 2671 789 2736 Archaeol.
812 2672 947 2751 Zeitung
968 2691 997 2735 a.
1024 2671 1102 2735 1872
1125 2671 1191 2734 tab.
1211 2672 1260 2734 59.

490 2778 583 2845 Plura
603 2798 680 2842 vero
700 2778 893 2855 huiusmodi,
915 2798 999 2860 quae
1022 2797 1086 2859 quo
1108 2777 1228 2842 leviora
1245 2797 1283 2841 eo
1303 2778 1450 2857 graviora
1471 2784 1545 2843 sunt
1564 2816 1597 2824 —
1617 2785 1649 2844 et
1669 2801 1747 2863 prae.
1770 2783 1882 2847 ceteris
1899 2784 2028 2866 quidem

386 2886 629 2969 compositiones
650 2886 721 2949 illae
744 2885 949 2967 puerulorum
971 2885 1003 2948 in
1027 2885 1103 2948 nido
1129 2884 1309 2947 sedentium
1332 2919 1367 2929 —
1392 2884 1488 2948 etiarn
1511 2887 1691 2967 postmodo,
1716 2888 1770 2952 ubi
1791 2910 1842 2953 res
1861 2890 1950 2969 seret,
1972 2912 2030 2974 per

382 2994 487 3059 huius
506 2991 597 3057 libelli
618 2993 789 3057 decursum
810 2993 983 3057 obvenient
1006 2992 1057 3072 (ci.
1080 3012 1110 3073 p.
1132 2990 1271 3071 XXXII).

618 3302 664 3386 V.
727 3301 785 3386 De
815 3300 1074 3385 Alexandrina
1103 3303 1291 3384 Amorum
1322 3309 1360 3385 ct
1388 3301 1608 3385 deliciarum
1638 3302 1800 3413 origine.

487 3486 663 3568 Reliquum
685 3490 734 3550 est
759 3490 795 3549 ut
824 3486 864 3549 tte
886 3484 1005 3548 deliciis
1027 3484 1102 3559 illis,
1134 3502 1215 3564 quas
1244 3483 1338 3548 simul
1370 3487 1402 3547 et
1424 3484 1491 3549 vita
1512 3484 1662 3548 Romana
1689 3487 1876 3567 praestabat
1898 3492 1930 3552 et
1955 3491 2033 3555 artis

387 3592 549 3677 ingenium
572 3593 753 3669 excolebat,
785 3611 1044 3657 consummemus
1066 3590 1197 3654 tandem
1219 3609 1303 3672 quae
1326 3590 1489 3672 disputata
1516 3594 1591 3654 sunt
1618 3597 1649 3656 et
1677 3592 1717 3655 de
1750 3593 1826 3675 ipsis
1857 3596 2032 3677 originibus

387 3718 498 3765 earum
513 3698 766 3781 disqmsitionem
780 3702 986 3781 postremam,
1004 3699 1029 3761 si
1044 3697 1091 3761 dis
1103 3697 1217 3779 placet,
1235 3697 1436 3779 eandemque
1453 3717 1518 3762 non
1532 3718 1806 3780 supervacaneam
1819 3702 2031 3770 instituamus.

495 3806 534 3870 Et
554 3806 644 3871 haud
664 3807 729 3870 scio
752 3805 900 3887 equidem
923 3826 965 3869 an
986 3805 1035 3882 sit,
1058 3804 1113 3886 qui
1138 3804 1332 3868 contrariam
1348 3805 1433 3868 viam
1453 3806 1613 3886 praeierat
1629 3826 1729 3888 quam
1752 3827 1817 3888 qua
1835 3829 1895 3890 ego
1919 3811 2032 3877 incessi

383 3918 557 3995 sumatque
584 3913 799 3977 inventionem
819 3914 975 3975 Amorum
1006 3911 1148 3989 illorum,
1178 3929 1316 3992 quorum
1345 3911 1475 3992 propria
1503 3914 1578 3975 sunt
1606 3914 1721 3976 aetatis
1750 3916 1946 3995 teneritudo,
1972 3939 2033 3983 nu·

385 4020 564 4096 morositas,
585 4020 723 4096 nuditas,
747 4040 806 4102 pro
828 4021 896 4101 ipso
916 4018 1072 4100 principio
1092 4019 1198 4100 potius
1221 4016 1405 4081 habendam
1421 4037 1498 4094 esse,
1523 4038 1562 4081 ex
1575 4037 1640 4099 quo
1657 4019 1794 4085 deducta
1810 4023 1873 4087 sint
1894 4024 2026 4107 reliqua,

385 4126 464 4191 inde
482 4127 612 4191 demum
634 4127 803 4191 infantium
824 4126 883 4190 alis
899 4126 1077 4189 carentium
1098 4125 1259 4206 plasmata
1282 4143 1350 4188 esse
1371 4124 1522 4205 protecta,
1551 4145 1590 4190 ex
1611 4126 1673 4191 hac
1695 4127 1833 4210 denique
1857 4131 1934 4194 artis
1956 4151 2032 4197 con·

383 4233 555 4298 suetudine
572 4234 605 4298 in
619 4233 719 4298 vitam
738 4233 868 4296 demum
885 4232 1009 4296 illatum
1030 4251 1098 4295 esse
1120 4231 1307 4295 deliciarum
1325 4252 1468 4297 amorem
1490 4231 1531 4295 de
1551 4252 1615 4314 quo
1637 4235 1753 4298 rettuli.
1796 4235 1865 4300 Hoc
1885 4257 1962 4302 vero
1978 4240 2033 4321 qui

385 4340 498 4418 sumit,
526 4340 623 4422 plane
643 4340 722 4404 mihi
751 4339 855 4404 aliena
886 4342 1017 4421 captare
1047 4343 1079 4402 et
1108 4358 1127 4402 a
1151 4343 1269 4403 natura
1291 4339 1464 4403 desciscere
1486 4337 1628 4418 videtur,
1657 4344 1755 4423 atque
1786 4347 1918 4425 propter
1945 4345 2031 4409 hanc

386 4466 489 4513 unam
509 4452 542 4512 et
567 4447 744 4529 simplicem
771 4448 928 4511 rationem
957 4445 1081 4509 declino
1107 4446 1299 4510 sententiam
1329 4450 1427 4528 atque
1448 4445 1628 4510 reformido.
1678 4447 1741 4511 Sed
1762 4448 1859 4513 etiam
1881 4450 2032 4516 historiae

386 4554 550 4621 memoriis
569 4554 632 4619 hoc
662 4553 733 4619 loco
761 4554 873 4637 paucis
894 4572 1011 4617 vacare
1033 4553 1179 4631 interest,
1209 4572 1274 4633 quo
1301 4552 1333 4615 in
1355 4552 1484 4632 negotio
1510 4552 1597 4634 quod
1619 4573 1639 4617 a
1661 4556 1881 4621 vascularihus
1902 4558 2034 4639 picturis

490 4751 515 4821 1)
542 4751 581 4807 De
605 4751 704 4806 statuis
726 4750 839 4806 diversis
863 4750 1015 4819 disputavit
1034 4750 1062 4806 (t.
1085 4747 1190 4804 Robert
1214 4748 1243 4802 iu
1271 4750 1370 4804 Annal.
1393 4748 1480 4803 instit.
1504 4754 1525 4804 t.
1542 4750 1577 4804 48
1601 4770 1628 4822 p.
1657 4752 1705 4805 124
1722 4771 1797 4823 sqq.;
1830 4753 1900 4809 adde
1925 4758 2035 4811 statuae

388 4835 531 4894 Parisinac
548 4837 770 4893 Rotschildianae
787 4837 921 4907 imagines
938 4837 967 4892 in
986 4839 1099 4893 Gazette
1119 4836 1235 4891 archeol.
1256 4834 1305 4889 Vll
1326 4836 1415 4906 (1881)
1433 4835 1491 4891 tab.
1510 4838 1605 4891 9-11.

488 4924 515 4995 2)
533 4924 569 4979 ci.
586 4923 617 4979 0.
636 4925 711 4980 Jahn
729 4924 871 4979 Archaeol.
891 4924 975 4980 Beitr.
996 4945 1022 4996 p.
1046 4923 1101 4977 143.
