4792 6120
1144 450 1259 515 XXVII

375 642 530 725 quianon
546 641 697 710 Gulliveri
713 646 906 710 mirabilium
925 646 1002 710 mihi
1024 646 1269 713 reminiscatur?
1313 647 1466 712 Conferas
1486 666 1571 728 quae
1593 646 1633 711 de
1650 646 1823 711 'timanthe
1845 646 2025 711 rettulimus
2062 660 2071 673 ·

374 750 410 814 in
430 768 463 832 p.
479 748 546 814 XV.
587 752 695 834 Atque
723 752 797 817 inde
826 752 914 817 iocus
935 752 1033 817 etiarn
1053 752 1105 817 ille
1132 753 1278 818 statuarii
1300 758 1389 818 ortus
1410 758 1472 831 est,
1502 754 1558 836 qui
1580 754 1733 818 Amorem
1757 754 1863 837 ipsum
1885 757 2025 819 stantem

374 854 469 921 finxit
489 856 567 920 satis
587 857 703 937 allum,
733 859 766 924 in
787 879 826 923 eo
848 864 956 923 autem
985 859 1169 938 detentum,
1194 865 1231 925 ut
1257 861 1392 926 alterum
1409 863 1563 926 Amorem
1590 861 1823 926 minutissimae
1854 880 2026 926 mensurae

373 962 467 1029 humi
496 968 633 1030 stratum
662 984 735 1030 cum
766 971 896 1048 stupore
923 966 1157 1048 contempletur
1186 967 1279 1049 quasi
1307 967 1472 1032 formicam
1502 967 1535 1032 in
1566 968 1619 1032 via
1646 968 1802 1033 invenerit
1829 966 1955 1050 (flarac
1983 969 2025 1033 lV

371 1071 420 1135 tb.
451 1071 508 1135 641
539 1091 571 1135 11.
598 1072 679 1136 1454
705 1091 744 1136 ex
771 1072 840 1136 coll.
870 1072 1082 1154 Giustiniani).
1133 1074 1203 1139 Hoc
1227 1074 1305 1139 illud
1338 1074 1501 1156 ingenium
1531 1074 1641 1139 Lucilii
1669 1078 1717 1138 est
1741 1074 2023 1156 epigrammatarii.

372 1176 468 1243 Unde
489 1178 533 1243 ad
552 1198 650 1260 pusos
678 1179 747 1243 illos
768 1179 931 1244 inauditae
959 1180 1127 1262 parvitatis
1149 1181 1182 1245 in
1206 1180 1317 1247 nidulo
1351 1201 1417 1246 una
1445 1182 1566 1265 positos
1600 1182 1745 1247 animum
1765 1184 1911 1262 reflecto,
1943 1202 2024 1265 quos

371 1285 614 1367 repraesentavi
633 1285 665 1349 in
686 1286 797 1350 tabula
819 1286 914 1350 huius
936 1287 1031 1351 libelli
1052 1288 1091 1352 X.
2087 1274 2091 1281 ¹

479 1392 563 1457 Hinc
584 1397 693 1457 autem
715 1392 884 1457 deducitur
905 1395 992 1475 quod
1020 1394 1053 1458 in
1074 1394 1154 1459 rosis
1181 1394 1364 1459 delitescere
1386 1394 1513 1459 videtur
1533 1394 1699 1459 Camerius
1727 1394 1859 1474 Catulli,
1890 1396 1923 1461 in
1944 1396 2025 1461 rosis

373 1498 541 1565 subsidere
562 1500 678 1564 assolet
697 1500 800 1564 Amor
822 1498 933 1583 (supra
953 1521 984 1583 p.
1006 1501 1100 1581 XVI).

477 1605 639 1681 Indidem,
661 1607 749 1689 quod
770 1606 894 1688 aufugit
915 1608 1083 1673 Eumecius
1106 1608 1216 1673 Lucilii
1238 1626 1297 1671 nec
1318 1607 1452 1671 inveniri
1473 1610 1594 1690 potest3
1622 1607 1747 1688 aufugit
1769 1627 1827 1673 uec
1848 1613 1955 1691 potest
1976 1609 2025 1675 ln·

372 1712 475 1778 veniri
497 1712 663 1778 Camerius
684 1712 816 1791 Catulli;
849 1714 973 1795 aufugit
994 1719 1026 1778 et
1048 1717 1148 1779 Amor
1168 1735 1228 1780 nec
1249 1718 1354 1798 potest
1378 1713 1512 1778 inveniri
1534 1712 1645 1795 (supra
1665 1734 1697 1796 p.
1720 1714 1800 1795 XV).

476 1818 599 1884 Pueros
638 1821 779 1885 minutos
808 1816 945 1906 (πήχεις)
975 1820 1084 1886 Ν1111111
1122 1822 1217 1886 deum
1260 1821 1489 1885 circumvenire
1526 1819 1664 1885 vidimus
1705 1819 1816 1903 (supra
1850 1842 1882 1904 p.
1919 1821 2024 1903 XXl);

379 1926 443 1991 Nili
457 1930 585 1993 statuae
601 1927 840 1992 similitudinem
858 1928 1074 1993 indubitatam
1091 1929 1232 2010 primum
1253 1928 1381 2009 quidem
1401 1927 1525 1991 Tiberis
1541 1928 1629 1992 fluvii
1648 1928 1776 2009 signum
1798 1948 1877 2010 prae
1897 1948 1931 1992 se
1954 1929 2023 2007 fert,

383 2033 433 2099 cui
451 2033 594 2099 adclinat
614 2054 648 2098 se
676 2034 752 2116 lupa
769 2054 843 2099 cum
864 2035 1005 2100 Romulo
1026 2040 1058 2100 et
1077 2036 1180 2100 Remo
1203 2034 1245 2112 (1.
1268 2035 1406 2116 effigiem
1428 2034 1516 2117 apud
1537 2034 1712 2118 Guigniaut
1730 2040 1807 2099 tom.
1828 2035 1868 2098 lV
1890 2054 1921 2099 n.
1945 2035 2022 2111 5233

375 2138 541 2206 ClaracIV
552 2141 598 2205 tb.
611 2141 713 2205 74911.
729 2141 838 2222 1819);
860 2145 929 2205 tum
943 2161 1020 2206 vero
1038 2142 1090 2206 illa
1112 2146 1250 2206 statua
1265 2142 1400 2206 Ostiae
1423 2146 1592 2223 reperta
1607 2139 1652 2223 (in
1665 2141 1856 2224 sarcophagi
1873 2142 2023 2224 operculo

372 2247 533 2330 reposita3
562 2267 592 2312 v.
617 2247 730 2312 Clarae
751 2249 881 2325 111448,
903 2248 977 2330 811)
1001 2249 1141 2314 mulieris
1162 2248 1293 2329 grandis
1315 2252 1474 2326 staturae,
1496 2249 1629 2313 vestitae
1652 2248 1797 2331 quidem,
1820 2249 1876 2312 sed
1899 2248 2023 2312 recum·

371 2354 482 2419 bentis
510 2373 550 2419 ea
577 2354 720 2436 corporis
747 2355 921 2436 positione,
951 2375 1034 2436 quae
1063 2355 1125 2421 Nili
1154 2356 1228 2420 luit:
1261 2355 1311 2419 cui
1340 2356 1477 2420 feminae
1501 2356 1665 2421 notionem
1692 2356 1758 2420 sive
1788 2355 2023 2437 impersonalem

371 2462 441 2527 sive
473 2462 615 2527 divinam
646 2460 733 2524 docti
762 2460 962 2536 tribuebant;
1004 2462 1073 2525 rdie
1102 2462 1184 2526 Erde
1214 2461 1258 2526 irn
1287 2461 1429 2526 wintere
1454 2463 1609 2527 'vocabat
1637 2463 1798 2527 Wieseler.
1859 2463 1925 2526 lam
1957 2481 2023 2526 non

373 2568 501 2650 pueruli
520 2571 612 2646 sunt,
633 2568 691 2631 sed
712 2587 785 2631 ecce
807 2567 981 2649 Cupidines
999 2569 1146 2650 adprime
1168 2569 1275 2651 parvi,
1300 2569 1354 2650 qui
1373 2552 1493 2633 circum
1514 2590 1586 2634 eam
1608 2574 1741 2652 repunt,
1762 2587 1822 2632 nec
1844 2568 1918 2648 alis,
1942 2589 2024 2651 quas

377 2674 510 2751 babent,
526 2678 670 2740 utuntur.
718 2674 894 2753 Imaginem
914 2675 1064 2757 proposui
1087 2675 1120 2739 in
1143 2676 1253 2740 tabula
1275 2676 1315 2739 lV
1330 2675 1361 2757 ¹).

481 2782 563 2847 Satis
584 2781 663 2846 trita
691 2799 808 2844 scaena
831 2781 884 2845 illa
913 2786 961 2845 est
989 2802 1055 2863 qua
1084 2784 1185 2847 Amor
1213 2782 1381 2864 astragalis
1406 2781 1487 2846 ludit
1515 2801 1589 2845 cum
1618 2781 1805 2863 Ganymede
1834 2782 2023 2864 plerumque

375 2887 560 2965 conlusore3
578 2907 678 2971 quam
696 2887 728 2950 in
745 2891 847 2951 artem
864 2887 1024 2952 induxisse
1040 2888 1140 2952 videri
1156 2892 1261 2971 potest
1276 2889 1464 2972 Apollonius
1480 2887 1627 2953 Rhodius
1643 2888 1695 2968 (lll
1711 2889 1771 2952 114
1782 2888 1875 2971 sqq),
1897 2889 2024 2955 iteravit

373 2994 589 3060 Philostratus
612 2995 711 3076 hnag.
733 2994 773 3057 VI
801 2991 853 3075 (cf.
875 2994 1004 3059 Lucian.
1030 2995 1103 3060 dial.
1127 2996 1212 3060 deor.
1240 2998 1270 3073 4,
1288 2997 1337 3075 3);
1363 3015 1436 3060 011111
1461 2996 1582 3059 Venere
1608 2996 1693 3059 idem
1723 2996 1790 3076 agit
1811 2999 1912 3060 Amor
1935 2997 2023 3080 apud

372 3101 573 3184 Meleagrum
592 3100 723 3166 Anthol.
745 3101 812 3165 Pal.
835 3101 892 3165 ΧΠ
909 3102 966 3177 47;
997 3106 1028 3166 01
1048 3103 1133 3187 idem
1155 3108 1254 3184 agens
1281 3103 1422 3167 cernitur
1444 3104 1475 3165 in
1498 3102 1699 3166 conclamata
1721 3122 1850 3183 gemma
1869 3103 2023 3186 Phrygilli

373 3208 677 3291 (1.11010110111011
700 3207 833 3290 mythl
865 3207 965 3288 1356).
1010 3209 1143 3289 Egregie
1169 3229 1245 3273 vero
1274 3209 1464 3286 concordat,
1499 3209 1585 3290 quod
1618 3209 1723 3291 ipsum
1745 3210 1925 3290 Augustum
1949 3230 2023 3275 curn

373 3316 441 3382 suis
467 3315 576 3399 pueris
602 3314 702 3379 talis
730 3315 925 3379 ocellatis
954 3315 1216 3397 nucibusque
1242 3316 1352 3380 ludere
1381 3316 1530 3379 audimus
1563 3316 1652 3397 apud
1681 3315 1868 3379 Suetonium
1890 3317 1959 3381 Oct.
1982 3319 2023 3383 83

378 3422 431 3503 ((11.
450 3441 484 3504 p.
504 3421 562 3504 Xl)
591 3421 723 3504 perinde
745 3425 842 3503 atque
864 3423 1025 3503 Aesopum
1048 3421 1137 3503 apud
1159 3422 1344 3486 Phaedrum
1365 3422 1405 3486 lll
1431 3424 1478 3486 14.
1527 3422 1631 3500 Quam
1653 3441 1722 3485 rern
1745 3423 1842 3486 etiarn
1864 3422 2024 3488 illustrant

379 3528 414 3593 iu
443 3526 619 3593 simulacris
648 3528 785 3593 infantes
813 3528 981 3608 astragalis
1016 3528 1065 3591 vel
1097 3529 1232 3594 nucibus
1260 3529 1396 3610 ingenue
1425 3529 1590 3593 lusitantes
1615 3529 1701 3592 velut
1716 3528 1867 3592 'infantes
1891 3529 2024 3594 Medeae

380 3632 520 3717 (Helbig.
538 3652 571 3699 n.
596 3634 683 3716 1161)
715 3639 747 3698 01
775 3635 931 3699 statuaria
957 3654 1056 3717 opera
1077 3635 1308 3717 speciosissima
1328 3655 1412 3718 quae
1439 3656 1469 3717 p.
1496 3635 1556 3699 XX
1576 3635 1609 3698 in
1637 3654 1773 3698 examen
1801 3636 1929 3715 vocavi,
1961 3655 2022 3701 nec

376 3760 445 3807 non
464 3760 598 3807 scaenae
618 3741 691 3806 illac
712 3741 800 3824 apud
822 3740 977 3805 Gerhard.
995 3741 1039 3806 tb.
1061 3743 1101 3806 65
1124 3745 1155 3806 01
1176 3742 1209 3806 in
1230 3742 1297 3805 Atti
1320 3742 1390 3805 dell’
1412 3741 1503 3806 acad.
1524 3742 1618 3806 Rom.
1640 3741 1673 3805 di
1700 3741 1787 3805 arch.
1810 3745 1832 3805 t.
1855 3742 1881 3805 Η
1905 3762 1937 3824 p.
1963 3744 2021 3808 149

376 3852 409 3913 01
443 3847 549 3930 170¹)
578 3848 617 3913 cf.
645 3849 790 3913 tabulam
820 3867 925 3912 meam
948 3848 1010 3911 Vll.
1058 3848 1218 3926 Quoniam
1247 3868 1323 3913 vero
1352 3848 1447 3912 huius
1475 3847 1776 3927 ἀστραγαλιζόιτων
1806 3850 2022 3930 conceptionis

374 3954 453 4020 olim
472 3955 563 4039 quasi
583 3975 773 4038 praecursor
796 3955 979 4037 praeclarus
999 3954 1058 4019 luit
1081 3955 1261 4037 Polycletus
1283 3953 1334 4037 (cf.
1356 3975 1409 4037 pp.
1432 3954 1500 4031 XX,
1523 3954 1641 4036 XXX),
1670 3958 1760 4036 patet
1781 3974 1853 4019 eam
1874 3976 1912 4019 err
1934 3975 2021 4020 com-

372 4062 465 4127 muni
486 4062 552 4127 vita
571 4063 749 4145 profectam
770 4082 808 4125 ac
829 4061 997 4142 postmodo
1020 4062 1052 4124 in
1075 4062 1229 4126 Amorem
1250 4062 1440 4126 translatam
1461 4081 1538 4125 esse.

450 4170 623 4249 'Augustus
630 4169 835 4233 Sarmentum
847 4188 940 4232 suurn
953 4168 995 4231 ad
1006 4168 1167 4249 symposia
1182 4168 1358 4233 adhibebat
1368 4168 1574 4251 tepidumque
1587 4187 1654 4232 esse
1668 4167 1805 4248 putabat
1816 4166 1841 4230 si
1849 4167 2021 4231 Falernum

374 4275 509 4341 bibebat
529 4276 623 4358 pusio
638 4273 733 4357 (Plut.
750 4278 867 4339 Anton.
887 4273 992 4354 c.59);
1016 4274 1111 4356 igitur
1132 4275 1157 4339 si
1180 4275 1278 4339 ctiam
1299 4277 1410 4357 potum
1433 4293 1678 4356 nonnumquam
1700 4273 1795 4337 fuisse
1816 4272 2021 4337 Sarmentum

373 4382 434 4447 tibi
455 4380 601 4461 finxeris,
631 4402 698 4447 non
725 4382 923 4464 repugnabo.
966 4381 1090 4445 Similes
1118 4381 1267 4463 pusiones
1287 4381 1319 4445 in
1349 4380 1495 4445 convivio
1515 4380 1638 4462 potioni
1667 4379 1765 4444 dediti
1794 4384 1967 4445 cernuntur
1988 4379 2021 4444 in

476 4570 503 4638 l)
522 4569 637 4626 Minime
653 4571 792 4641 integram
808 4573 944 4624 servatam
959 4584 1015 4624 esse
1027 4567 1195 4622 monendum
1212 4571 1267 4632 est;
1286 4568 1489 4640 interpolamnt
1507 4585 1574 4624 aevo
1594 4566 1744 4623 recentiore
1763 4570 1790 4623 et
1808 4571 1891 4639 capnt
1909 4567 1976 4622 deae
1994 4570 2023 4622 01

373 4655 446 4711 alias
462 4657 617 4728 partiarlaa
636 4657 703 4728 quin
721 4657 805 4713 0110111
825 4674 880 4712 non
898 4674 986 4727 pauca
1003 4656 1032 4710 in
1050 4653 1145 4725 figuris
1163 4655 1304 4719 Amorum,
1325 4656 1381 4709 das
1399 4658 1428 4710 et
1444 4655 1528 4725 primi
1545 4655 1654 4710 Amoris
1671 4657 1700 4708 01
1716 4655 1827 4709 10011011
1844 4657 1889 4725 (ex
1908 4653 2023 4724 pedibus

379 4742 448 4800 (1000
465 4748 660 4810 numeramus),
679 4744 791 4800 tertium
810 4744 867 4798 fere
883 4746 982 4797 totum.

475 4829 502 4899 2)
525 4829 634 4885 Subicio
658 4831 732 4902 pilae
754 4832 856 4895 lurum,
885 4846 939 4899 quo
965 4832 994 4883 01
1018 4828 1137 4883 infantes
1163 4827 1286 4897 gaudent
1316 4826 1420 4896 (annal.
1443 4825 1532 4882 instit.
1556 4830 1624 4881 tom.
1642 4826 1676 4879 29
1701 4824 1759 4879 bob.
1786 4823 1841 4893 BC)
1866 4828 1894 4879 et
1918 4824 2023 4896 Cupido

373 4914 504 4984 (Gazette
522 4916 706 4982 0101110111,
727 4916 801 4982 1880,
820 4915 878 4971 tab.
896 4917 929 4984 4;
947 4920 975 4970 et
993 4915 1079 4984 alias).

1821 5005 1860 5057 4*
