4792 6120
929 432 998 496 XIII

446 676 519 760 III.
582 674 641 760 De
668 700 876 784 puerorum
915 675 1101 786 parvitate
1134 675 1257 760 iocose
1285 676 1484 763 celebrata.

243 863 311 928 larn
332 883 407 929 vero
428 864 461 928 in
489 864 631 929 carmine
652 862 768 929 Catulli
789 864 916 946 dequo
937 863 1043 946 agitur
1071 864 1135 929 tria
1163 869 1238 929 sunt
1259 885 1343 948 quae
1367 866 1546 948 ponderare
1568 865 1699 930 intersit.
1743 867 1783 931 Et

115 968 116 972 ’
140 970 282 1054 primurn
302 970 431 1052 quidem
459 990 604 1035 summus
626 970 670 1034 ibi
692 970 779 1034 iocus
807 974 918 1051 aperte
940 969 972 1032 in
993 969 1152 1051 parvitate
1175 974 1207 1035 et
1235 969 1364 1035 levitate
1385 972 1480 1036 amici
1509 973 1612 1054 posita
1642 976 1705 1048 est;
1734 973 1782 1037 in-

139 1077 240 1141 veniri
256 1076 419 1142 (temerius
440 1096 506 1142 non
524 1081 640 1160 potest,
663 1076 740 1159 quia
761 1095 826 1158 quo
847 1076 918 1158 quis
939 1076 1100 1153 minutior,
1122 1096 1159 1140 eo
1180 1075 1301 1140 facilins
1323 1077 1539 1144 absconditur.
1581 1078 1686 1143 Mirati
1706 1083 1781 1144 sunt

141 1183 326 1264 interpretes
347 1184 435 1266 quod
455 1185 489 1248 in
510 1183 626 1249 libellis
648 1183 784 1265 quaesiit
803 1202 878 1247 eum
898 1186 993 1264 poeta
1013 1180 1055 1262 (v.
1068 1181 1118 1263 ll3
1143 1183 1194 1246 »in
1214 1183 1356 1249 tabernis
1373 1184 1637 1267 bibliopolarum«
1662 1205 1781 1267 suppo·
1868 1192 1873 1201 '

140 1290 275 1365 nebant;
298 1289 385 1372 quod
405 1289 556 1372 equidem
575 1289 893 1371 interpretamentum
914 1289 1093 1370 praefracte
1113 1289 1231 1354 reicere
1247 1309 1313 1354 non
1333 1291 1436 1354 ausim
1449 1290 1488 1372 ι);
1511 1291 1650 1356 dubitari
1671 1296 1780 1357 tamen

139 1396 238 1477 possit
258 1415 302 1459 an
321 1414 386 1461 non
407 1415 488 1478 puer
509 1396 578 1478 ipso
598 1395 751 1459 librorum
770 1395 931 1460 volumine
946 1395 1107 1460 involutus
1123 1396 1290 1461 evanuisse
1306 1396 1438 1461 dicatur.
1481 1397 1575 1475 Quod
1591 1398 1617 1462 si
1632 1398 1781 1481 placebit,

138 1502 261 1584 plenior
282 1520 395 1566 sensus
420 1501 473 1566 hic
502 1502 576 1566 erit:
605 1500 748 1566 Catullus
775 1521 886 1566 ornnes
915 1501 1089 1566 libelliones
1119 1501 1174 1584 qui
1202 1503 1245 1566 ad
1274 1502 1360 1567 viam
1387 1508 1479 1568 erant
1505 1504 1585 1569 adiit
1614 1509 1646 1568 et
1675 1504 1718 1568 ibi
1746 1505 1779 1568 in

141 1608 292 1673 omnibus
312 1607 526 1672 voluminibus
547 1606 704 1689 quaesivit
724 1606 918 1672 Gamerium.

248 1714 372 1779 Certius
392 1718 616 1796 argumentum
633 1717 682 1778 est
701 1714 789 1796 quod
809 1714 909 1779 latere
931 1733 1005 1778 eum
1026 1713 1170 1779 femellae
1192 1714 1303 1778 dicunt
1328 1714 1364 1777 ia
1380 1716 1479 1779 roseis
1496 1716 1628 1796 papillis
1650 1715 1692 1795 (v.
1715 1714 1779 1791 llll

141 1840 226 1903 quae
246 1822 345 1886 verba
364 1840 422 1904 per
437 1840 471 1884 se
494 1820 720 1885 amoenissima
739 1820 932 1902 explicatum
951 1821 1126 1885 admittunt
1147 1821 1296 1885 hilarium
1318 1825 1416 1903 atque
1438 1822 1607 1886 diversum.
1651 1823 1690 1886 Et
1711 1821 1781 1886 libi-

142 1928 282 1993 dinosius
304 1927 433 2010 quidem
454 1927 516 1992 hoc
538 1927 614 2005 erit,
644 1927 670 1990 si
692 1927 763 2009 quis
784 1927 967 1993 Cameriurn
989 1927 1071 1992 inter
1093 1928 1179 2009 ipsas
1199 1927 1335 2010 papillas
1355 1929 1559 1993 mulierculae
1580 1929 1663 2005 eius,
1696 1948 1780 2011 quae

142 2035 295 2117 loquitur,
332 2053 401 2098 sese
426 2033 604 2116 applicasse
628 2033 816 2109 arbitretur;
852 2035 939 2117 quod
969 2033 995 2098 si
1023 2034 1111 2111 iecit,
1148 2033 1181 2098 id
1211 2034 1260 2098 vel
1288 2054 1449 2099 summam
1478 2034 1684 2116 exiguitatem
1712 2034 1780 2099 eius

140 2143 287 2217 denotat;
338 2141 421 2205 inter
457 2140 593 2223 papillas
640 2140 726 2205 enim
764 2140 886 2206 facilius
925 2141 1176 2207 commorabitur
1222 2141 1277 2224 qui
1316 2141 1462 2205 trimulus
1499 2145 1547 2206 est
1587 2160 1685 2223 quam
1725 2141 1779 2223 qui

138 2249 297 2325 sexennis,
328 2267 348 2312 a
380 2247 514 2313 decenni
541 2247 605 2311 iam
633 2267 764 2330 prorsus
791 2247 824 2312 id
845 2248 986 2313 alienum
1015 2249 1104 2313 toret.
1154 2248 1265 2313 Altero
1297 2267 1389 2326 vero,
1429 2248 1484 2330 qui
1512 2247 1638 2313 admitti
1670 2247 1779 2330 possit,

138 2356 297 2439 explicatu
332 2374 462 2436 prorsus
497 2354 610 2419 eodem
646 2355 806 2436 cogimur;
843 2354 976 2437 pulchre
1011 2358 1119 2419 autern
1154 2374 1228 2418 eum
1264 2354 1417 2419 indicavit
1451 2354 1583 2419 Ellisius.
1636 2351 1779 2435 Papillae

138 2462 269 2545 quidem
307 2461 487 2543 puellarum
516 2464 552 2526 ut
583 2461 711 2541 niveae,
751 2462 923 2540 candidae,
961 2462 1114 2535 lactentes
1153 2460 1264 2535 audire
1306 2460 1424 2540 solent,
1467 2461 1511 2526 ita
1542 2466 1650 2525 tamen
1681 2460 1779 2524 etiarn

139 2588 247 2632 roseas
286 2567 394 2633 vocari
429 2567 677 2633 condonandum
713 2571 773 2645 est;
813 2567 1018 2633 nihilominus
1057 2567 1118 2632 hcc
1156 2566 1243 2649 quod
1280 2570 1328 2632 est
1360 2588 1468 2631 roseas
1507 2568 1547 2631 de
1582 2567 1663 2632 rosis
1703 2565 1779 2647 ipsis

140 2679 329 2756 usurpatum
375 2694 443 2740 esse
480 2675 593 2757 potuit.
654 2676 842 2741 Statuamus
877 2675 917 2738 de
959 2674 1131 2739 corollariis
1173 2673 1286 2755 puellis
1333 2693 1454 2755 quasve
1495 2672 1778 2756 stephanopolidas

138 2781 250 2846 Graeci
270 2785 458 2864 nuncupant
478 2801 545 2847 esse
566 2801 746 2847 sermonem
755 2781 793 2860 ²);
827 2780 1000 2864 ›papillae‹
1026 2800 1100 2846 vero
1129 2779 1226 2845 etiam
1249 2779 1373 2860 galeros
1399 2779 1515 2844 ilorurn
1543 2779 1776 2860 significabant,

137 2888 283 2970 adprime
304 2907 467 2964 rosarum3
495 2888 521 2951 si
550 2887 695 2966 dubitas,
725 2887 824 2953 adeas
845 2887 1050 2970 Pervigiliunr
1077 2885 1207 2951 Veneris
1236 2886 1277 2968 (v.
1298 2887 1337 2951 14
1357 2890 1389 2951 et
1410 2886 1462 2967 tl)
1492 2889 1524 2950 et
1555 2885 1675 2949 anthol.
1704 2884 1773 2949 Lat.

138 2994 222 3059 Ries.
253 2995 302 3071 84,
324 2995 352 3058 3.
403 2994 528 3059 Roseae
557 2994 696 3077 papillae
725 2993 821 3076 igitur
852 2997 986 3077 possunt
1014 3013 1082 3057 esse
1111 3012 1257 3058 rosarum
1287 2993 1393 3075 galeri.
1442 2993 1549 3057 Flores
1580 2990 1778 3074 corollasque

136 3101 356 3165 meretriculae
377 3100 411 3164 in
432 3100 567 3165 calathis
587 3101 769 3177 habebant3
792 3104 890 3184 atque
908 3101 971 3164 iarn
994 3100 1037 3164 ibi
1055 3100 1115 3163 sub
1136 3100 1216 3164 rosis
1237 3100 1286 3164 vel
1307 3100 1388 3164 adeo
1413 3099 1464 3163 »in
1486 3098 1581 3163 rosis<
1606 3100 1777 3181 puerulum

136 3208 274 3272 celatum
295 3227 364 3271 esse
384 3207 483 3272 iocari
504 3207 668 3283 videntum
697 3226 757 3271 nec
778 3227 855 3273 vero
876 3207 1049 3272 ostendunt
1070 3205 1254 3271 Camerium
1275 3225 1379 3288 neque
1400 3205 1539 3269 reddunt
1560 3204 1695 3269 Catullo.
1738 3205 1778 3271 Et

136 3314 377 3395 ambiguitatem
399 3313 460 3378 hac
482 3333 611 3396 quoque
637 3314 671 3378 in
692 3333 726 3378 re
747 3333 822 3378 curn
850 3314 955 3378 studio
978 3316 1135 3377 sectatum
1157 3330 1225 3375 esse
1247 3316 1376 3394 poetam
1398 3311 1540 3386 conlid03
1569 3311 1669 3375 utitur
1690 3310 1776 3376 eninr

136 3420 266 3484 omnino
287 3439 377 3484 more
398 3419 618 3507 aenigmatico.
660 3420 822 3486 Utrarnvis
844 3425 952 3484 autem
974 3419 1091 3483 harum
1112 3418 1410 3500 interpretationum
1426 3418 1581 3500 sequeris:
1601 3417 1777 3482 minutulas

139 3546 264 3608 semper
282 3527 398 3591 evadet
419 3526 592 3590 Camerius.

237 3632 329 3696 Nunc
347 3633 387 3696 de
408 3632 579 3714 exiguitate
598 3636 628 3697 et
649 3632 766 3697 harum
785 3629 1002 3696 deliciolarum
1028 3636 1060 3695 et
1077 3629 1289 3713 pumilionum
1309 3629 1416 3711 paullo
1440 3628 1597 3711 copiosius
1618 3629 1773 3693 disseren-

139 3738 216 3802 dum
238 3739 306 3804 erit

33 4004 36 4011 Δ
241 3953 265 4021 l)
293 3951 373 4006 Usum
399 3969 462 4007 enm
484 3966 538 4021 quo
564 3949 660 4006 Graeci
684 3950 813 4006 dicebant
840 3948 872 4005 ἐν
894 3958 952 4011 τοῖς
976 3950 1070 4024 ἰχθύσι
1097 3950 1248 4021 (Aristoph.
1271 3952 1352 4022 Vesp.
1376 3952 1437 4019 755)
1463 3950 1537 4016 sim,
1567 3950 1691 4006 imitatos
1718 3969 1773 4007 esse

136 4038 273 4093 Romanos
291 4037 379 4093 adhuc
395 4055 451 4092 non
467 4037 635 4092 declaratum
653 4040 694 4091 at
717 4037 790 4106 quod
808 4040 881 4093 recte
898 4037 1022 4093 Handius
1048 4039 1211 4094 munatii.
1230 4057 1258 4108 p.
1277 4038 1318 4092 10.
1356 4038 1388 4091 ln
1406 4037 1521 4108 Priapeo
1539 4037 1556 4090 2
1575 4056 1600 4091 v.
1617 4037 1634 4091 2
1651 4038 1774 4093 carmina

136 4124 244 4179 »libello
262 4140 318 4178 non
335 4123 434 4209 digna«
454 4140 486 4179 eo
503 4139 582 4178 sensu
600 4121 728 4178 dicuntur
746 4125 778 4177 ut
803 4140 873 4177 »non
891 4121 991 4194 digna«
1009 4123 1065 4179 sint
1082 4140 1153 4193 quae
1170 4121 1215 4177 »in
1231 4122 1296 4177 libri
1313 4123 1430 4179 formam
1446 4123 1558 4179 redacta
1573 4122 1778 4193 publicentur«.

135 4211 219 4266 Locus
237 4213 329 4266 autem
349 4209 484 4266 Martialis
501 4209 526 4263 V
545 4209 616 4275 20,8
634 4212 662 4264 et
679 4209 696 4263 9

639 4293 692 4351 Sed
708 4294 826 4366 gestatio
844 4294 955 4350 fabulae
974 4294 1061 4350 libelli

645 4382 762 4451 Campus
780 4380 901 4451 porticus
918 4379 1017 4435 umbra
1033 4380 1119 4451 Virgo
1139 4381 1263 4436 thermae

132 4470 174 4527 ita
191 4469 354 4541 compositus
371 4471 420 4534 eet,
436 4466 508 4522 utin
520 4484 599 4523 versu
610 4466 760 4539 posteriore
774 4466 966 4521 tantummodo
984 4468 1062 4522 loca
1077 4484 1200 4531 amoena,
1218 4466 1248 4521 in
1261 4466 1352 4536 priore
1365 4468 1622 4537 occupationes
1641 4468 1775 4525 iucundae

135 4559 346 4627 componantur:
371 4568 437 4624 ergo
458 4553 562 4608 nullam
580 4551 844 4607 commendationem
862 4550 977 4607 haberet
993 4551 1016 4606 si
1034 4552 1094 4621 quie
1113 4553 1248 4608 »libellos«
1268 4553 1321 4609 hoc
1340 4553 1399 4608 loco
1417 4570 1466 4623 pro
1484 4555 1605 4610 tabernis
1622 4554 1688 4626 ipsis
1705 4555 1774 4610 acci·

133 4645 223 4713 perat;
251 4639 488 4711 interpretandum
513 4643 568 4694 est:
596 4639 714 4709 gestatio
738 4637 768 4691 in
791 4636 851 4700 via,
881 4635 990 4692 fabulae
1022 4636 1165 4693 hominum
1196 4641 1339 4704 notorum,
1374 4638 1526 4694 libellorum
1550 4640 1645 4706 lectio,
1673 4640 1771 4696 deinde

134 4742 244 4798 trampus
261 4743 315 4795 eqs.
352 4726 392 4780 De
411 4723 530 4795 Virginis
546 4724 701 4794 significatu
719 4722 844 4794 exposuit
861 4720 1083 4778 Friedlaenderus
1103 4725 1139 4779 nd
1157 4725 1175 4779 l.

229 4811 256 4882 2)
276 4811 357 4866 lavat
373 4809 419 4866 hic
435 4809 465 4865 in
483 4811 643 4866 memoriam
661 4825 789 4865 revocare
810 4807 1010 4879 sarcophagum
1026 4809 1215 4866 Florentinum
1240 4810 1358 4866 feminae
1374 4809 1620 4881 stephanopolidis,
1648 4830 1719 4883 quae
1736 4813 1774 4869 sic

134 4897 175 4953 ibi
198 4894 320 4954 exhibita
342 4900 385 4953 est
406 4900 439 4952 ut
462 4897 622 4967 lugeatnra
644 4895 718 4966 pasis
740 4897 868 4968 pennatis
884 4896 941 4953 sire
964 4897 1124 4964 umoribus3
1147 4897 1183 4952 ct.
1207 4898 1373 4963 Duetachlre,
1398 4896 1500 4952 Antike
1527 4895 1620 4952 Bildw.
1639 4898 1669 4952 in
1692 4899 1773 4955 Ober-

134 4983 231 5039 italien
245 4984 273 5039 11
289 5003 318 5040 n.
336 4982 397 5040 898.
