4792 6120
991 463 1019 525 V

183 660 280 724 etiam
302 661 399 743 plane
421 679 493 724 cum
514 657 645 740 proprio
665 657 771 722 studio
791 656 836 722 sic
858 678 933 723 eum
975 659 1137 724 cumulate
1158 657 1270 723 extulit
1290 658 1447 736 Catullus3
1470 659 1558 742 quod
1580 680 1637 725 eur
1658 661 1703 727 ita
1724 661 1834 727 iecerit
1890 669 1893 673 “

183 767 243 830 sub
265 765 363 831 finem
385 765 480 830 buius
499 764 595 829 libelli
616 783 776 846 exponere
797 764 913 829 licebit.

282 873 366 953 Quid
394 888 471 937 vero
501 872 585 937 dicet
614 871 780 937 Camerius
815 871 934 954 quidve
964 870 1026 936 luci
1055 871 1254 936 committet?
1302 871 1383 936 Ecce
1418 872 1545 937 reticuit
1574 874 1721 951 omnino;
1756 894 1833 939 nam

184 980 216 1043 in
238 999 333 1045 versu
356 980 394 1044 17
415 979 470 1062 qui
492 978 590 1043 sicin
610 978 808 1042 membranis
828 978 1006 1060 potioribus
1026 977 1164 1059 scriptus
1186 981 1249 1042 est:

731 1082 812 1137 Nunc
829 1085 858 1138 te
874 1082 1007 1137 lacteolae
1024 1085 1120 1136 tenent
1135 1082 1241 1151 puellae

184 1180 284 1245 verba
306 1183 524 1261 agnoscuntur
538 1177 670 1254 Catulli;
692 1182 768 1242 sunt
789 1181 899 1243 antem
920 1196 960 1242 ea
981 1195 1112 1259 prorsus
1134 1195 1389 1257 supervacanea;
1411 1177 1534 1259 puellas
1555 1177 1639 1241 enim
1661 1198 1728 1242 esse
1750 1199 1834 1262 quae

185 1290 316 1350 teneant
337 1285 521 1351 Camerium
551 1285 606 1349 din
632 1288 832 1366 compertum
863 1284 971 1348 habet.
1014 1283 1071 1347 Sin
1100 1287 1208 1347 autem
1238 1283 1310 1365 quis
1340 1280 1428 1347 Num
1456 1304 1515 1365 pro
1545 1284 1641 1349 Nunc
1668 1286 1832 1364 rescribat,

182 1392 328 1457 molestia
358 1393 439 1456 haec
466 1390 722 1473 haudquaquam
749 1389 878 1453 tollitur.
925 1389 993 1471 Ego
1021 1387 1223 1453 credideram
1251 1389 1356 1453 locum
1385 1390 1430 1454 ita
1459 1391 1607 1455 constitui
1634 1391 1767 1471 debere,
1798 1398 1834 1459 ut

183 1503 288 1564 essent
314 1498 445 1581 quidem
474 1497 555 1561 haec
577 1495 692 1561 Catulli
713 1495 828 1569 verba,
855 1495 912 1560 sed
935 1501 971 1561 ut
991 1495 1083 1578 qnasi
1110 1495 1246 1560 dictaret
1275 1515 1314 1560 ea
1342 1500 1374 1560 et
1394 1501 1579 1590 suggereret
1597 1497 1744 1562 Camerio
1775 1519 1833 1564 sno

181 1606 387 1689 pertinaciter
408 1605 541 1681 tacenti,
568 1603 677 1685 itaque
698 1602 875 1667 coniectari

671 1708 732 1763 »Me
750 1712 850 1764 unctae
868 1708 1002 1764 lacteolae
1018 1710 1116 1763 tenent
1132 1707 1267 1779 puellae«

183 1805 288 1882 Quam
309 1803 457 1885 equidem
479 1802 673 1884 scripturam
693 1802 797 1885 ipsam
818 1823 947 1886 quoque
967 1804 1028 1868 sub
1057 1803 1310 1869 commentarioli
1333 1804 1453 1868 exitum
1474 1804 1618 1887 pluribus
1639 1804 1832 1869 dilucidabo.

287 1911 330 1974 At
350 1928 427 1974 vero
449 1909 567 1991 quibus
585 1910 690 1992 pergit
704 1909 848 1975 Catullus
867 1931 895 1974 v.
911 1912 948 1976 18
970 1913 1000 1975 ei
1019 1913 1164 1994 linquam
1185 1913 1291 1976 clauso
1310 1916 1394 1976 tenea
1414 1912 1448 1975 in
1467 1931 1530 1994 ore,
1552 1911 1677 1991 fructus
1695 1912 1834 1993 proiciet

183 2017 303 2082 amoris
331 2035 450 2093 omnes,
484 2034 524 2079 ea
554 2019 639 2080 certe
667 2016 823 2080 concinne
850 2017 971 2099 scripta
999 2037 1065 2082 non
1095 2022 1186 2094 sunt3
1219 2017 1405 2099 exigebatur
1434 2018 1520 2082 enim
1553 2022 1610 2082 aut
1640 2019 1671 2082 ei
1700 2018 1834 2098 tenebis,

179 2124 317 2205 proicies
344 2126 401 2187 aut
428 2123 459 2188 ei
489 2127 589 2204 tenes,
618 2122 748 2203 proicis.
790 2123 856 2189 Nec
878 2124 911 2188 id
933 2123 1004 2189 lrbri
1033 2124 1125 2203 boni,
1154 2124 1253 2189 immo
1282 2143 1358 2189 vero
1379 2131 1485 2190 tenena
1512 2125 1654 2206 praecise
1677 2126 1833 2208 scriptum

187 2232 335 2296 offerunt.
377 2229 461 2312 Ergo
484 2228 662 2293 reficiatur:

703 2325 747 2380 Sic
764 2324 889 2394 linguam
907 2326 998 2380 eleum
1015 2329 1112 2381 tenena
1131 2326 1160 2381 in
1179 2344 1226 2382 ore

705 2411 821 2466 Fructus
838 2411 953 2482 proicies
971 2413 1071 2467 amoris
1089 2429 1192 2470 omnes.

284 2506 429 2588 Denique
447 2507 544 2572 iidem
565 2507 637 2572 libri
661 2507 693 2571 in
712 2526 807 2571 versu
825 2511 995 2589 postremo·
1009 2509 1051 2572 tt

735 2611 805 2666 Dum
825 2612 908 2668 vestri
926 2611 962 2666 eis
976 2612 1113 2685 particeps
1132 2612 1252 2683 amoris,

183 2705 217 2768 id
238 2706 326 2787 quod
346 2726 441 2772 sensu
462 2727 587 2772 cassum
611 2712 672 2785 est;
696 2709 800 2772 nostri
821 2727 880 2790 pro
902 2709 999 2772 vestri
1020 2708 1091 2773 libri
1113 2709 1292 2785 inferiorem
1314 2708 1347 2772 id
1363 2708 1437 2773 licet
1456 2707 1679 2773 auctoritatem
1695 2725 1832 2788 parvam

183 2810 319 2891 babeat,
351 2818 461 2879 tamen
489 2815 631 2880 arridere
658 2815 771 2896 possit;
800 2814 860 2879 nisi
889 2814 970 2879 forte
1002 2815 1063 2880 hoc
1094 2820 1206 2881 contra
1237 2814 1435 2880 monendum
1456 2819 1504 2879 est
1535 2814 1742 2896 »participem
1764 2832 1833 2877 esse

183 2921 319 2984 amoris«
351 2920 429 2985 satis
455 2922 535 2986 mire
569 2922 631 2986 dici
659 2923 699 2987 de
726 2926 852 2999 amato,
885 2922 1042 3005 siquidem
1072 2923 1166 2987 unice
1194 2923 1247 2987 hic
1275 2927 1402 2987 amatus
1429 2922 1484 2998 sit;
1523 2921 1642 2985 etenim
1671 2920 1832 3002 particeps

183 3028 302 3091 amoris
323 3027 349 3091 is
379 3028 507 3110 proprie
536 3029 611 3108 erit,
642 3028 697 3112 qui
725 3034 853 3111 partem
881 3033 1009 3093 tantum
1038 3030 1157 3093 amoris
1191 3048 1297 3112 neque
1314 3028 1446 3110 plenum
1473 3029 1600 3110 ceperit.
1651 3027 1826 3109 Propterea

181 3135 280 3200 vestri
301 3154 341 3198 ex
361 3134 449 3199 libris
469 3134 496 3200 G
518 3139 550 3200 et
570 3134 598 3199 Ο
620 3154 782 3200 assumere
802 3135 898 3214 malo,
920 3138 965 3200 sic
988 3141 1023 3200 ut
1044 3136 1219 3201 rescribam
1240 3154 1314 3199 cum
1331 3135 1511 3216 scaligero,
1531 3133 1660 3199 Handio
1682 3133 1830 3216 aliisquez

682 3240 749 3305 Vel,
774 3240 797 3294 si
816 3241 868 3304 vie,
893 3240 958 3295 licet
976 3241 1083 3296 obseres
1100 3240 1225 3312 palatum

685 3326 757 3381 Dum
775 3327 858 3382 vestri
876 3327 940 3381 eim
960 3327 1096 3398 particeps
1114 3327 1222 3382 amoris

183 3418 264 3483 (lum
284 3418 397 3501 puellis
425 3439 568 3485 amorem
597 3421 696 3486 habet
724 3422 904 3500 Camerius;
936 3423 967 3487 in
996 3442 1034 3487 eo
1067 3442 1176 3487 amore
1204 3427 1329 3505 partem
1356 3420 1454 3485 etiam
1478 3419 1632 3485 Catullus
1650 3439 1683 3484 se
1711 3418 1831 3482 habere

183 3526 262 3589 velle
283 3526 459 3607 profitetur.
503 3528 575 3605 Qua
596 3528 665 3610 lege
688 3533 796 3593 autem
819 3529 984 3594 Camerius
1012 3530 1095 3593 inter
1116 3528 1224 3611 plures
1253 3528 1490 3593 communicare
1512 3546 1656 3592 amorem
1681 3525 1830 3608 potuerit,

185 3651 261 3694 mox
283 3633 501 3713 perscipietur.

285 3737 408 3816 Quibus
422 3740 604 3821 praemissis
617 3741 682 3805 iam
701 3745 804 3806 totum
821 3740 1019 3823 poematium
1033 3741 1093 3806 ioci
1107 3742 1239 3824 plenum
1253 3746 1285 3806 et
1299 3741 1422 3806 veneris
1433 3741 1496 3805 hoe
1508 3740 1579 3805 loco
1597 3739 1830 3804 exhibebimus:

1008 3863 1031 3901 c.
1049 3844 1105 3902 LV.

738 3931 866 3997 Oramus,
884 3932 908 3987 ei
925 3932 997 3988 forte
1015 3950 1070 3987 non
1088 3933 1232 3989 molestum
1250 3936 1298 3999 eet,
1312 3935 1331 4000 ¹)

737 4018 911 4075 Demonstree
928 4019 975 4074 ubi
993 4018 1049 4075 sint
1066 4022 1131 4075 tuae
1148 4020 1286 4076 tenebrae.

736 4104 775 4160 Te
792 4123 888 4177 campo
907 4106 1062 4177 quaerimus
1071 4106 1092 4175 ')
1111 4106 1141 4160 in
1160 4105 1273 4171 minore,

738 4190 776 4246 Te
793 4191 823 4245 in
841 4191 927 4257 circo,
949 4195 977 4248 te
992 4192 1022 4247 in
1041 4192 1166 4248 omnibus
1184 4192 1293 4257 libellis,

685 4278 701 4331 5
738 4276 776 4332 Te
792 4277 823 4331 in
843 4277 946 4349 templo
963 4277 1062 4332 summi
1081 4278 1153 4333 lovis
1169 4282 1284 4344 sacrato,

738 4363 771 4417 ln
789 4362 884 4434 Magni
904 4363 985 4418 simul
1002 4362 1197 4421 ambulatione,

283 4509 308 4577 1)
328 4509 455 4564 moretur
472 4524 500 4564 ee
520 4508 584 4565 libri
600 4513 702 4585 scripti.

282 4595 309 4661 2)
330 4596 514 4664 quaesivimus
539 4595 602 4650 libri
620 4616 775 4670 perperam
806 4601 915 4657 dehac
931 4618 993 4657 mea
1015 4601 1205 4656 emendatione
1223 4601 1333 4666 dubito,
1356 4600 1485 4657 facillime
1510 4602 1604 4654 tmen
1632 4596 1676 4651 aio
1700 4592 1831 4665 explicari

184 4681 375 4751 corruptelam,
393 4679 417 4734 ei
434 4682 591 4750 quaerimus
607 4686 685 4753 quaai
696 4687 814 4757 priscam
833 4687 948 4759 perfecti
960 4688 1078 4743 formam
1090 4687 1185 4742 datam
1198 4705 1253 4743 ease
1267 4706 1284 4743 a
1296 4688 1404 4744 Catullo
1417 4685 1609 4757 supponimus;
1629 4681 1659 4737 id
1675 4683 1831 4750 quaerimur

182 4764 264 4821 facile
283 4765 475 4822 distrahebant
492 4767 600 4823 librarii
618 4771 675 4825 veri
691 4771 784 4842 ignari
800 4773 871 4829 sicut
887 4773 970 4830 iidem
988 4792 1010 4829 c.
1034 4775 1074 4838 14,
1086 4773 1119 4826 14
1137 4775 1236 4828 munti
1252 4791 1286 4830 ex
1303 4775 1404 4843 misti,
1419 4790 1482 4829 eum
1499 4772 1559 4842 ipsa
1576 4773 1669 4825 antem
1687 4769 1833 4821 conuecta

183 4851 272 4906 torma
289 4851 360 4908 talia
376 4854 552 4910 conserantur
570 4857 646 4912 velut
661 4874 758 4913 aomar
775 4859 844 4916 Ena.
863 4859 948 4916 lebni.
967 4879 992 4915 v.
1005 4860 1055 4914 113
1072 4858 1176 4922 Muell.;
1206 4876 1313 4915 eumue
1329 4860 1436 4916 Lucret.
1454 4858 1468 4914 1
1485 4859 1550 4923 3013
1577 4868 1734 4911 contuemur
1752 4852 1832 4922 Prop.

185 4934 292 4992 Monob.
311 4939 335 5003 7,
349 4940 380 5004 55
407 4939 488 5010 Verg.
506 4941 574 4996 Aen.
595 4942 618 4995 V
638 4943 671 4997 57
690 4943 825 5000 intrem
845 4963 910 5017 »pro
928 4946 1107 5003 intravimus«
1126 4949 1290 5016 aeceperunt
1313 4947 1424 5016 antiqui
1449 4946 1618 5017 inerpretes.
1646 4940 1721 4997 trini
1738 4946 1831 5004 antem

183 5019 240 5090 ipse
257 5023 377 5081 Oatnllue
393 5027 435 5092 66,
448 5027 491 5082 30.
527 5029 564 5085 lit
581 5030 617 5085 ci.
635 5030 665 5085 L.
682 5029 813 5086 Scheffler
829 5032 870 5089 De
887 5034 1002 5105 perfecti
1020 5032 1050 5087 in
1069 5030 1096 5085 ri
1113 5031 1236 5088 exeuntia
1253 5031 1356 5097 formis,
1376 5033 1519 5106 Marpurgi
1540 5036 1604 5092 1890
1625 5034 1664 5103 (p
1675 5038 1710 5094 43
1728 5038 1758 5090 et
1776 5033 1831 5102 47).
