4792 6120
1160 485 1248 550 XXV

376 682 545 763 Augustea
578 700 619 745 ne
647 700 686 744 ex
714 679 887 763 improviso
915 699 935 744 a
964 679 1122 762 scalptore
1145 700 1217 745 eam
1246 681 1491 747 edomationem
1518 683 1638 746 factam
1666 686 1775 764 putes,
1804 703 1870 765 qua
1891 682 2027 748 Telluris

374 788 500 872 pueruli
532 787 574 851 ad
609 788 714 870 ipsum
741 789 921 868 Augustum
958 791 1033 851 sunt
1067 787 1327 872 adpropinquati.
1375 789 1423 853 Ex
1454 789 1521 854 vita
1556 789 1640 853 enim
1678 788 1740 854 hoc
1769 790 1940 871 repetitum
1969 794 2026 870 est,

380 894 469 978 quod
490 895 535 958 sic
555 914 628 958 cum
650 894 792 976 parvulis
814 894 954 958 cemitur
977 895 1141 974 Augustus
1155 893 1185 975 ¹).

477 1002 517 1066 Et
533 1001 614 1065 haec
627 1001 758 1083 quidem
768 1000 934 1065 hactenus.
966 1000 1143 1064 Puerorum
1159 1001 1242 1065 enirn
1257 1002 1505 1084 pennigerorum
1519 1000 1738 1065 inventionem
1752 1020 1824 1065 cum
1839 1001 2027 1067 deliciarum

373 1108 605 1173 consuetudine
628 1107 737 1189 aliqua
762 1126 969 1190 quacumque
988 1107 1113 1172 ratione
1139 1127 1256 1172 nexam
1279 1108 1374 1173 luisse
1396 1108 1460 1172 iam
1476 1127 1515 1172 ex
1534 1107 1593 1184 his,
1616 1108 1650 1171 ni
1668 1108 1770 1186 fallor,
1794 1129 1877 1191 quae
1898 1109 2026 1192 protuli,

374 1234 449 1280 cunr
471 1233 592 1296 magna
611 1215 717 1295 specie
738 1213 881 1278 veritatis
903 1213 1005 1294 colligi
1026 1218 1140 1295 potest.
1181 1214 1265 1292 Quin
1287 1215 1386 1280 etiam
1409 1214 1485 1296 quia
1501 1214 1693 1278 commutari
1715 1215 1861 1279 solebant
1884 1216 1966 1281 inter
1981 1235 2026 1294 se,

374 1321 408 1386 in
426 1340 601 1403 puerorum
618 1320 796 1403 sepulchris
816 1320 940 1385 nullum
960 1320 1066 1402 aptius
1088 1326 1315 1386 ornamentum
1332 1322 1479 1386 habitum
1502 1324 1549 1385 est
1571 1340 1670 1402 quarn
1681 1322 1838 1386 Amorum
1860 1323 2025 1404 imagines,

373 1429 448 1507 Qua
473 1429 506 1491 in
536 1447 571 1491 re
598 1428 676 1492 satis
705 1427 811 1491 habeo
842 1427 1004 1492 demisisse
1034 1427 1185 1493 lectorem
1222 1430 1265 1493 ad
1292 1428 1511 1511 sarcophagos
1538 1449 1620 1511 quos
1653 1427 1819 1512 descripsit
1846 1429 2026 1494 Duelschhe

371 1536 449 1600 Ant
478 1533 626 1599 aridai
657 1553 688 1598 n.
710 1534 767 1608 vu
797 1535 853 1609 aa
882 1535 940 1609 813
971 1533 998 1598 11
1029 1554 1061 1598 n.
1084 1536 1160 1610 315;
1190 1534 1230 1598 nr
1260 1555 1292 1599 n.
1314 1521 1389 1611 aaa
1416 1536 1491 1610 rra
1525 1539 1558 1599 et
1587 1535 1624 1599 cr.
1656 1535 1776 1600 ibidem
1797 1536 1838 1600 rv
1864 1556 1895 1600 n.
1920 1536 2025 1618 519⁹).

372 1642 541 1707 Latissime
570 1646 679 1705 autern
707 1640 761 1705 illa
790 1640 931 1705 inventio
959 1642 1094 1723 patebat
1117 1662 1181 1724 qua
1204 1642 1329 1725 Cupido
1363 1661 1446 1706 unus
1471 1642 1580 1707 iacens
1603 1642 1765 1707 dormiens
1792 1643 1825 1707 in
1849 1644 2027 1725 sepulchris

373 1749 556 1833 ponebatur
566 1747 610 1828 1);
640 1751 769 1830 reputes
790 1748 903 1829 igitur,
934 1747 1022 1829 quod
1050 1749 1147 1812 etiam
1177 1749 1247 1813 alae
1273 1749 1435 1814 interdum
1456 1749 1489 1813 in
1512 1750 1549 1813 iis
1572 1750 1724 1814 omissae:
1755 1751 1828 1815 vide
1850 1751 1964 1816 Clarac
1984 1752 2025 1815 lV

377 1857 423 1921 tb.
448 1857 509 1920 6114
537 1874 568 1918 n.
594 1855 725 1933 1459F,
756 1853 1073 1936 145960159111).

471 1963 586 2028 Restat
606 1962 725 2026 abhinc
746 1967 783 2027 ut
804 1962 845 2026 de
863 1962 1022 2026 Amorum
1039 1961 1303 2044 occupationibus
1325 1962 1392 2027 sive
1409 1963 1544 2045 negotiis
1559 1982 1644 2046 quae
1659 1964 1730 2028 lusu
1752 1964 1853 2029 otioso
1874 1965 2025 2028 affectare

381 2069 526 2146 assolent,
550 2069 776 2150 cogitationem
794 2069 1016 2151 suscipiamus.

477 2177 598 2241 Notum
618 2181 667 2240 est
693 2177 726 2240 in
757 2176 899 2240 artificiis
929 2175 979 2240 vel
1000 2176 1206 2259 Pompeianis
1235 2175 1285 2238 vel
1315 2175 1392 2239 alibi
1413 2176 1546 2257 repertis
1575 2175 1651 2241 deos
1672 2176 1813 2240 minutos
1833 2196 1898 2240 non
1920 2177 2024 2240 solum

375 2285 408 2348 in
431 2284 469 2348 iis
489 2284 587 2348 rebus
602 2284 721 2348 versari
743 2302 827 2366 quae
848 2284 892 2348 ad
902 2283 1059 2348 Venerem
1076 2287 1214 2348 matrem
1229 2282 1279 2345 vel
1300 2281 1344 2346 ad
1358 2283 1476 2346 amoris
1493 2283 1737 2347 incitamentum
1753 2283 1803 2347 vel
1816 2283 1859 2346 ad
1874 2282 2024 2347 Liberum

374 2391 562 2456 relationem
592 2391 713 2454 habent
742 2389 841 2471 (velut
870 2411 982 2456 arcum
1010 2391 1159 2468 flectunt,
1189 2391 1293 2454 lacem
1322 2394 1451 2470 gerunt,
1483 2389 1593 2453 Martis
1620 2409 1713 2454 arma
1734 2390 1884 2467 trahunt,
1917 2389 2022 2453 lovem

374 2502 504 2562 taurum
528 2499 561 2562 in
584 2498 732 2580 Europae
752 2516 863 2560 amore
888 2502 1035 2580 pascunt,
1058 2498 1091 2561 in
1112 2497 1258 2561 leonibus
1279 2496 1486 2578 equitantur),
1509 2496 1565 2561 sed
1586 2495 1683 2560 etiam
1700 2497 1808 2561 omnia
1831 2496 1894 2561 lere
1916 2516 2025 2578 gerere

378 2607 410 2667 et
435 2605 583 2687 persequi
610 2624 695 2686 quae
722 2608 798 2668 sunt
824 2624 998 2686 puerorum
1021 2604 1209 2687 pusillorum
1239 2603 1490 2679 oblectamenta,
1520 2603 1598 2684 quin
1621 2603 1718 2667 etiam
1740 2604 1871 2668 omnino
1892 2605 2021 2668 vitam

379 2709 581 2776 hominum
607 2730 680 2794 per
710 2711 843 2775 lusum
869 2713 1059 2776 festivum
1087 2711 1253 2776 imitari.
1305 2709 1394 2773 Haec
1416 2709 1525 2773 omnia
1551 2729 1591 2773 ne
1618 2709 1663 2774 ita
1693 2711 1872 2792 excogitata
1891 2729 1959 2774 esse
1981 2710 2023 2774 ab

378 2816 552 2882 artificibus
572 2818 710 2901 opineris
740 2822 908 2900 tamquam
932 2819 1099 2901 antiquam
1120 2818 1250 2882 Amoris
1270 2816 1322 2881 dei
1343 2815 1581 2880 venerationem
1603 2816 1746 2886 debitam
1769 2816 2022 2898 posthabuerint,

377 2924 547 2988 caelestem
564 2929 715 2989 naturam
734 2929 765 2988 et
784 2924 1002 2989 sublimiorem
1024 2926 1188 2989 notionem
1207 2924 1234 2988 ei
1257 2924 1402 2989 exuerint
1423 2927 1455 2988 et
1473 2922 1516 2986 ad
1534 2923 1695 2987 humanas
1716 2943 1767 2988 res
1787 2940 1883 3005 saepe
1906 2923 2023 2988 humil-

375 3031 469 3096 limas
497 3031 565 3095 sine
591 3031 711 3113 pietate
746 3034 779 3094 et
813 3031 880 3094 sine
909 3031 1034 3096 ratione
1065 3051 1139 3096 eum
1168 3031 1364 3096 devorarint.
1408 3031 1509 3094 humo
1538 3030 1664 3094 videtur
1697 3030 1923 3094 stabiliendum
1956 3050 2024 3095 esse

377 3137 585 3203 contrarium.
627 3138 721 3203 Certe
742 3138 813 3220 ipsa
834 3138 900 3202 vita
917 3158 1034 3220 pueros
1057 3138 1232 3202 minutulos
1252 3137 1357 3201 nudos
1377 3136 1477 3200 oeulis
1498 3136 1716 3219 proponebat3
1739 3137 1773 3201 hi
1794 3137 1922 3202 fuerunt
1943 3158 2024 3220 quos

373 3245 493 3329 duplici
520 3249 553 3309 et
581 3244 726 3331 imitandi
756 3249 788 3308 et
819 3245 959 3326 augendi
985 3245 1091 3310 studio
1119 3246 1152 3309 in
1173 3247 1310 3309 formam
1333 3243 1419 3308 illam
1444 3243 1587 3307 divinam
1608 3262 1661 3306 ars
1683 3243 1887 3321 traducebat,
1918 3263 2023 3327 neque

374 3353 440 3417 lere
470 3351 638 3417 diversitas
663 3355 711 3416 est
736 3351 818 3416 inter
842 3370 960 3434 pueros
986 3351 1112 3417 divinos
1142 3357 1173 3418 et
1205 3353 1365 3417 humanos
1392 3351 1452 3414 nisi
1482 3350 1569 3433 quod
1597 3350 1640 3413 illi
1661 3370 1786 3432 pennas
1811 3355 1934 3432 gerunt.
1988 3353 2021 3417 lu

377 3458 531 3522 nobilium
553 3457 650 3538 igitur
673 3458 807 3522 aedibus
836 3458 932 3521 iidem
954 3459 1049 3541 pupi,
1081 3459 1137 3540 qui
1158 3458 1202 3523 ibi
1222 3459 1255 3523 in
1277 3459 1409 3540 picturis
1429 3457 1624 3539 panetariis,
1654 3458 1686 3521 in
1708 3458 1859 3535 vasculis,
1888 3459 1920 3521 in
1943 3478 2023 3523 ana-

379 3563 504 3646 glyphis
531 3563 632 3627 vitam
659 3562 791 3628 alteram
818 3568 851 3627 et
876 3566 1156 3647 supranaturalem
1186 3566 1340 3646 agebant,
1378 3566 1475 3629 etiam
1507 3564 1571 3628 vivi
1605 3584 1663 3646 per
1699 3565 1782 3628 atria
1813 3569 1845 3629 et
1873 3564 2021 3630 cubicula

378 3669 698 3734 circumcursitabant
719 3670 832 3753 puerili
860 3671 935 3735 ludo
967 3672 1065 3736 dediti
1093 3677 1125 3737 et
1152 3672 1230 3736 nudi
1259 3671 1319 3754 ipsi
1343 3691 1488 3754 quoque;
1524 3674 1663 3753 suntque
1699 3670 1731 3733 hi
1763 3667 1901 3751 ἄπτεροι
1930 3667 2023 3734 ἄλλοι

371 3773 521 3856 Ἔρωτες,
554 3781 590 3840 ut
609 3775 713 3840 Nonni
732 3777 917 3842 felicissimis
935 3778 1040 3842 verbis
1059 3784 1191 3843 utamur
1208 3778 1312 3858 (Dion.
1335 3779 1382 3855 10,
1404 3777 1485 3858 199).
1528 3777 1598 3842 Hoc
1619 3781 1727 3841 autem
1748 3777 1833 3856 loc0,
1862 3797 1926 3860 quo
1946 3778 2021 3842 sub·

377 3884 456 3948 stitit
472 3883 653 3966 disputatio,
677 3883 710 3947 id
728 3885 929 3966 potissimum
947 3885 980 3947 in
993 3889 1134 3949 mentem
1157 3885 1279 3950 curiose
1300 3903 1486 3949 revocemus
1506 3903 1566 3948 nec
1580 3884 1708 3948 volvere
1722 3883 1832 3948 animo
1851 3903 2020 3962 cessemus,

380 3991 468 4072 quod
484 3991 680 4055 tritissimum
698 3996 759 4066 est3
782 3990 1048 4055 scilicetsolent
1069 3993 1189 4056 etiam
1211 3992 1326 4074 pueri
1348 3991 1429 4072 ipsi
1452 4010 1519 4072 per
1541 3990 1578 4055 lu
1609 4011 1671 4054 um
1690 3994 1730 4054 et
1746 3990 2021 4055 remissionem

379 4092 528 4162 imitari
544 4098 667 4162 vitam
689 4098 920 4173 humanam;
941 4098 1044 4163 solent
1068 4100 1256 4164 »aedificare
1270 4118 1371 4175 casas,
1392 4098 1536 4179 plaustro
1550 4117 1658 4161 mures
1671 4097 1853 4178 adiungere,
1876 4096 2019 4178 equitare

377 4203 410 4267 in
439 4204 619 4268 harundine
650 4205 765 4286 longa«
801 4205 925 4285 (Horat.
956 4206 1023 4271 Sat.
1047 4207 1215 4286 113,47);
1249 4205 1379 4270 conchis
1411 4208 1532 4268 canunt
1570 4203 1748 4286 luduntque
1782 4203 1953 4285 (Athenaei
1981 4203 2021 4268 Ill

376 4309 521 4392 p.85l“);
544 4329 674 4374 currum
691 4311 825 4376 flectunt
845 4332 942 4393 quem
964 4312 1063 4377 trahit
1084 4313 1165 4376 aries
1187 4311 1228 4393 (v.
1248 4311 1485 4394 sarcophagum
1503 4309 1536 4374 in
1552 4310 1720 4375 Archaeol.
1737 4310 1871 4391 Zeitung
1894 4330 1923 4374 a.
1943 4312 2022 4375 1885

375 4417 442 4482 tab.
466 4417 517 4493 14;
538 4417 738 4482 Boumeister
757 4437 789 4481 n.
809 4418 911 4499 1611).
954 4419 1038 4497 Quin
1061 4419 1157 4484 etiarn
1182 4418 1291 4502 »pueri
1313 4418 1440 4499 fingunt
1459 4437 1517 4500 per
1538 4418 1676 4482 ludibria
1697 4421 1889 4500 potestates‹
1914 4418 2020 4500 (Treb.

476 4612 502 4680 1)
520 4611 646 4666 Ceterum
670 4630 696 4668 v.
720 4613 745 4668 J.
763 4613 790 4668 J.
808 4613 946 4669 Bernoulli
970 4615 1065 4670 Roem
1089 4613 1292 4684 llronographie
1310 4613 1337 4667 ll
1357 4613 1380 4676 l,
1404 4630 1432 4683 p.
1450 4613 1515 4678 267,
1540 4611 1588 4683 qui
1614 4611 1823 4669 Abundantium
1846 4612 1914 4668 dicit
1937 4630 2021 4682 quam

377 4713 428 4766 ego
445 4697 707 4850 Tegmcifni’etersen
727 4784 826 4839 hunul.
843 4783 929 4841 instit.
949 4804 975 4841 a.
995 4786 1061 4840 1860
1079 4804 1107 4856 p.
1124 4786 1176 4840 405
1193 4804 1252 4856 sqq.

480 4871 508 4938 3)
525 4869 560 4924 οἰ.
578 4887 602 4925 e.
619 4888 647 4940 g.
666 4869 798 4924 Mutrium
826 4889 853 4924 n.
871 4871 1022 4935 ‘llo-2933
1048 4871 1190 4927 Benndorl
1209 4876 1238 4928 et
1256 4870 1376 4927 Schoene
1400 4872 1490 4928 Later.
1511 4872 1580 4928 Mus.
1599 4871 1660 4936 3703
1690 4870 1845 4926 Dueteehke
1863 4870 1891 4925 11
1909 4889 1937 4925 n.
1955 4871 2021 4936 256ς

375 4952 419 5007 Ill
437 4972 464 5008 n.
485 4953 549 5020 1413
569 4955 633 5018 2523
652 4955 749 5011 Clarae
767 4955 805 5010 IV
823 4955 864 5011 tb.
883 4955 934 5010 643
951 4975 1010 5026 sqq.
1016 4979 1024 5022 ;
1042 4956 1216 5028 Engravings
1234 4957 1306 5012 from
1321 4957 1432 5013 ancient
1449 4959 1566 5015 murbles
1583 4958 1623 5014 XI
1640 4959 1680 5014 tb.
1699 4959 1731 5014 tv
1739 4979 1747 5023 ;
1766 4957 1803 5013 ul.

1829 5049 1847 5103 4
