4792 6120
1162 415 1219 480 XII

372 605 536 672 attulimus
556 604 599 689 (p.
628 605 687 687 X);
723 607 866 690 praecise
891 607 977 673 idem
1013 608 1073 674 sibi
1111 610 1180 676 vult
1208 610 1296 694 quod
1323 611 1484 676 Ausonius
1512 611 1669 677 Bissulam
1699 612 1810 677 ludum
1847 614 1942 677 vocat
1977 614 2009 677 et

374 713 464 777 larua
483 712 527 776 illi
548 713 666 778 Bassae
688 712 776 796 apud
796 713 974 779 Martialem
996 715 1037 779 IV
1057 716 1107 794 87,
1124 717 1153 781 i.

467 818 549 884 Cum
569 819 632 884 hac
650 825 759 885 autem
787 821 972 899 affectione,
1004 841 1070 904 qua
1090 842 1166 904 erga
1189 825 1315 888 teneros
1337 823 1475 889 infantes
1505 825 1685 908 praeminet
1712 823 1848 905 Augusti
1870 823 2006 902 animus,

370 944 488 991 nexum
510 925 652 991 habebat
671 927 703 991 ni
727 926 818 992 fallor
838 927 1016 992 molliculus
1031 928 1099 994 eius
1119 934 1151 994 et
1166 930 1283 994 nimius
1295 950 1387 995 amor
1403 931 1636 1013 nepotulorum.
1682 930 1815 995 »Gaium
1831 933 1862 995 et
1876 929 2009 994 Lucium

373 1032 540 1116 adoptarit
574 1032 661 1098 domi
690 1053 748 1116 per
776 1053 880 1098 assem
910 1038 943 1100 et
975 1035 1090 1100 libram
1113 1041 1238 1120 emptos
1266 1056 1286 1102 a
1316 1041 1408 1120 patre
1436 1038 1581 1121 Agrippa
1610 1041 1800 1120 tenerosque
1829 1036 1936 1102 adhuc
1966 1037 2011 1102 ad

370 1161 481 1207 curam
502 1141 598 1223 reip.
620 1141 764 1205 admovit
882 1160 987 1224 neque
1008 1143 1135 1208 cenarit
1158 1162 1223 1208 una
1245 1144 1305 1208 nisi
1327 1149 1363 1209 ut
1386 1145 1419 1208 in
1440 1145 1504 1210 imo
1525 1145 1607 1210 lecto
1628 1144 1804 1209 assiderent
1826 1163 1931 1226 neque
1951 1144 2011 1229 iter

370 1248 444 1313 fecit
473 1247 533 1312 nisi
554 1251 591 1311 ut
618 1246 764 1312 vehiculo
789 1247 947 1311 anteirent
965 1251 1021 1311 aut
1044 1248 1129 1313 circa
1150 1249 1391 1332 adequitarent‹
1420 1250 1518 1330 (Suet.
1546 1249 1743 1330 octiandi).
1795 1250 1878 1314 Prae
1900 1249 2012 1314 ceteris

371 1375 446 1420 vero
468 1354 565 1434 digna
586 1358 634 1418 est
655 1372 739 1436 quae
759 1353 810 1417 hic
832 1353 995 1417 adferatur
1015 1373 1055 1418 ex
1070 1355 1222 1420 Suetonio
1243 1356 1372 1437 Caligi
1394 1357 1635 1427 narratiuncula
1656 1358 1696 1421 de
1714 1356 1811 1421 fillolo
1830 1355 2011 1420 Germanici

369 1480 435 1526 uno
455 1461 510 1543 qui
530 1460 660 1543 quidem
678 1479 750 1524 cum
772 1459 883 1537 obiret,
905 1460 970 1524 iam
994 1461 1223 1543 ›puerascebat
1245 1461 1359 1543 insigni
1382 1463 1589 1529 festivitatem
1614 1464 1721 1528 »cuius
1742 1462 1879 1544 effigiem
1897 1463 2010 1528 habitu

370 1566 535 1648 Cupidinis
553 1566 586 1630 in
608 1566 688 1630 aede
706 1564 905 1648 Capitolinae
922 1565 1052 1630 Veneris
1072 1565 1162 1631 Livia
1184 1567 1352 1645 dedicavit,
1375 1568 1539 1649 Augustus
1560 1569 1593 1632 in
1615 1569 1761 1635 cubiculo
1782 1589 1839 1634 suo
1862 1570 2010 1651 positam,

371 1673 581 1756 quotiensque
602 1672 762 1750 introiret,
793 1672 1055 1737 exosculabatur<
1068 1672 1100 1754 1).

471 1780 635 1844 Hactenus
651 1780 691 1844 de
708 1779 863 1861 Augusto.
905 1779 953 1843 De
973 1779 1086 1843 iisdem
1107 1783 1216 1843 autem
1237 1778 1357 1844 deliciis
1377 1780 1474 1844 etiarn
1498 1781 1647 1845 certiores
1668 1800 1726 1845 nos
1751 1781 1827 1845 iacit
1841 1781 2012 1847 Suetonius

369 1893 403 1957 in
428 1890 494 1954 vita
514 1887 631 1952 Tiberii
655 1906 681 1950 c.
703 1885 762 1961 443
795 1904 871 1949 nam
902 1886 1000 1950 etiarn
1023 1885 1066 1949 ibi
1088 1888 1163 1950 sunt
1196 1886 1302 1968 »pueri
1332 1886 1455 1968 primae
1485 1887 1741 1963 teneritudinis‹;
1769 1888 1936 1969 pisciculos
1956 1909 2011 1955 eos

368 1998 507 2064 vocabat
527 1993 685 2062 Tiberius:
715 2011 796 2075 quas
824 1998 931 2057 autem
961 1992 1120 2075 nequitias
1146 1993 1179 2056 in
1206 1992 1243 2056 iis
1274 1993 1468 2057 commisisse
1490 1993 1667 2076 principem
1695 1993 1831 2059 relatum
1860 1995 1917 2072 sit,
1946 2016 2013 2062 non

370 2104 509 2177 iterab03
532 2101 620 2182 apud
640 2103 805 2163 auctorem
826 2099 926 2163 videri
949 2102 1091 2181 possunt.

456 2208 600 2290 Denique
621 2207 785 2287 Augustus
813 2225 854 2270 ne
883 2205 1006 2288 primus
1031 2205 1163 2287 quidem
1184 2204 1308 2268 Romae
1331 2205 1433 2269 extitit
1461 2205 1516 2288 qui
1544 2225 1647 2288 pupos
1676 2206 1792 2271 alebat.
1846 2208 1913 2272 Iarn
1936 2212 2012 2273 aule

370 2318 438 2382 eius
456 2316 625 2398 imperium
645 2333 731 2378 anno
747 2314 786 2378 38
799 2332 827 2376 a.
839 2312 912 2377 Chr.
925 2332 956 2376 n.
979 2312 1023 2376 ibi
1042 2332 1108 2376 non
1129 2310 1344 2392 infrequentes
1366 2310 1461 2375 tuisse
1482 2312 1596 2377 suadet
1613 2312 1741 2377 Cassius
1754 2314 1813 2378 Dio
1825 2314 1948 2379 XLVIII
1960 2317 2011 2394 44,

369 2424 426 2490 ubi
454 2423 488 2487 in
517 2420 637 2504 nuptiis
663 2418 832 2484 Octaviani
862 2422 894 2482 et
917 2417 1024 2482 Liviae
1051 2418 1115 2482 tale
1148 2417 1281 2478 παιδίον
1304 2417 1349 2481 ita
1379 2417 1555 2496 inducitur,
1587 2423 1622 2483 ut
1651 2439 1716 2485 non
1739 2419 1922 2498 Octaviani,
1954 2423 2012 2488 sed

370 2530 479 2595 Liviae
500 2527 665 2609 proprium
687 2526 782 2590 fuisse
802 2528 956 2606 appareat
979 2523 1030 2605 (cl.
1052 2545 1083 2606 p.
1103 2523 1223 2603 XVIII).
1266 2523 1398 2589 Constat
1418 2525 1514 2607 igitur
1533 2525 1598 2590 iarn
1619 2530 1689 2590 tum
1711 2526 1744 2590 in
1767 2527 1863 2591 domo
1885 2526 2011 2593 Claudii

371 2635 505 2701 Neronis
525 2638 689 2716 receptum
709 2632 805 2696 luisse
824 2631 885 2696 hoc
909 2650 1009 2714 genus
1029 2631 1150 2695 ludicri.

471 2742 539 2806 Iam
564 2759 641 2804 vero
669 2738 863 2802 absolvimus
884 2738 972 2820 quod
1000 2741 1070 2802 erat
1096 2736 1311 2820 propositum3
1344 2736 1598 2801 testimoniorum
1623 2741 1708 2802 certe
1735 2736 1935 2804 collationem
1958 2745 2010 2807 sat

369 2867 575 2914 numerosam
597 2844 806 2911 exhibuimus.
849 2845 968 2909 Eorum
992 2863 1108 2925 agmen
1130 2843 1288 2908 clauditur
1306 2843 1451 2926 exemplo
1468 2862 1542 2920 une,
1565 2844 1652 2924 quod
1671 2844 1912 2924 reservavimus,
1932 2851 2010 2929 apto

370 2955 423 3020 illo
452 2952 599 3037 quidem,
629 2971 694 3034 quo
724 2951 959 3016 demonstretur
988 2951 1083 3016 etiam
1112 2951 1267 3033 populum
1299 2949 1402 3032 ipsum
1428 2949 1478 3012 his
1506 2950 1727 3014 venustatibus
1754 2950 1870 3016 lavisse
1899 2953 2008 3018 videri.

369 3061 495 3127 Scilicet
520 3059 645 3142 publice
673 3076 801 3140 quoque
828 3060 861 3122 et
882 3058 915 3122 in
943 3057 1067 3122 harena
1091 3056 1232 3140 puerulis
1259 3055 1386 3120 misellis
1407 3055 1454 3120 uti
1476 3075 1541 3121 non
1569 3056 1732 3138 dedignati
1751 3062 1826 3122 sunt
1846 3059 2008 3137 Romani;

369 3168 454 3232 hanc
475 3167 598 3232 tristem
621 3165 661 3229 de
688 3164 726 3228 iis
753 3163 903 3228 fabellam
934 3164 1086 3229 Martialis
1115 3163 1247 3228 tradidit
1274 3162 1406 3240 1175‚5
1430 3182 1517 3245 sqq,
1550 3163 1598 3228 leo
1626 3169 1812 3230 mansuetus
1838 3165 1945 3231 subito
1975 3167 2008 3231 in

371 3273 495 3338 rabiem
515 3273 658 3337 revertit:

799 3375 872 3430 Nam
890 3374 943 3428 duo
961 3372 1001 3428 de
1018 3376 1145 3428 tenera
1164 3372 1281 3443 puerilia
1298 3389 1412 3443 corpora
1428 3371 1550 3437 turba,

869 3459 1053 3529 Sanguineam
1071 3460 1164 3514 rastris
1180 3476 1250 3528 quae
1275 3458 1426 3514 renovabat
1452 3459 1575 3525 humum,

799 3546 899 3602 Saevus
917 3550 946 3601 et
963 3545 1058 3600 infelix
1078 3545 1172 3601 furiali
1189 3545 1272 3601 dente
1289 3545 1421 3616 peremit;

867 3632 969 3686 Martia
986 3648 1041 3685 non
1060 3631 1129 3687 vidit
1146 3632 1235 3687 maius
1252 3630 1356 3685 harena
1373 3631 1457 3686 neira.

367 3752 480 3835 Itaque
497 3749 684 3816 tenellorum
706 3750 908 3815 alumnorum
930 3750 1026 3833 plena
1057 3751 1188 3815 ›turba‹
1214 3750 1280 3813 sive
1302 3753 1432 3814 caterva
1453 3750 1512 3814 fuit
1532 3750 1566 3814 in
1588 3749 1841 3832 amphitheatro,
1874 3750 2008 3814 sortasse

369 3859 527 3923 Amorum
548 3857 661 3921 habitu
688 3862 842 3923 exornata
869 3857 983 3939 (solent
1001 3876 1117 3939 nempe
1138 3857 1275 3921 Amores
1302 3855 1412 3920 ludere
1441 3876 1514 3920 curn
1535 3854 1708 3936 leonibus),
1749 3876 1832 3939 quae
1852 3858 2008 3921 harenam

368 3964 452 4030 leoni
472 3964 658 4028 renovabat
699 3964 838 4028 Minutos
854 3964 949 4028 luIsse
965 3963 1062 4028 ctiam
1085 3963 1159 4027 inde
1179 3961 1343 4043 colligitur,
1362 3963 1541 4045 quodcum
1564 3962 1744 4027 clarissimis
1759 3963 1854 4047 lupae
1871 3965 2009 4030 alumnis

369 4071 507 4135 Romulo
537 4075 570 4134 et
596 4070 699 4134 Remo
728 4089 783 4135 eos
811 4070 975 4135 contendit
1001 4069 1155 4134 Martialis
1182 4087 1277 4134 versu
1305 4069 1352 4133 10.
1407 4069 1521 4134 Nescio
1549 4074 1657 4133 autern
1691 4089 1769 4133 num
1798 4071 2005 4136 simulacrum

370 4176 532 4259 quoddam
557 4175 622 4240 huc
651 4176 767 4240 referre
789 4177 999 4253 concedatur,
1030 4175 1190 4257 sculptum
1216 4175 1249 4238 in
1278 4193 1454 4252 marmore,
1485 4175 1572 4256 quod
1601 4175 1792 4240 curriculum
1814 4177 1952 4241 ostendit
1975 4178 2007 4242 in

369 4283 453 4349 circo
474 4283 631 4361 maximo,
659 4302 740 4366 puer
758 4286 866 4347 autem
904 4302 987 4346 unus
1020 4300 1094 4345 eum
1122 4283 1217 4346 corbe
1246 4281 1458 4347 ministerium
1479 4280 1570 4355 iacit;
1601 4300 1643 4345 an
1671 4282 1826 4346 harenam
1849 4288 2007 4350 renovat?

368 4388 441 4454 ride
462 4388 621 4467 Gerhard‚
653 4389 728 4453 Ant.
750 4389 926 4453 Bildwerke
947 4389 992 4453 th.
1021 4388 1080 4452 leo
1102 4407 1133 4452 n.
1156 4388 1219 4470 Ψ).
1256 4389 1380 4473 Nempe
1408 4388 1505 4453 etiarn
1534 4386 1567 4450 in
1596 4388 1796 4472 sarcophago
1825 4389 2006 4456 Florentino

370 4495 426 4579 qui
449 4495 624 4561 certamina
644 4495 799 4559 Amorum
818 4494 1056 4559 colluctantium
1073 4494 1216 4571 exhibet,
1247 4515 1330 4560 unus
1348 4499 1397 4559 est
1414 4493 1563 4558 manibus
1581 4494 1685 4560 ferens
1707 4494 1871 4559 corbulam
1892 4495 2007 4560 videri-

370 4622 433 4685 que
451 4605 557 4684 potest
577 4600 732 4666 harenam
746 4600 909 4665 effundere
928 4601 1008 4666 velle
1029 4600 1079 4682 (ci.
1090 4600 1280 4678 Duetschke,
1296 4604 1369 4666 Ant.
1385 4601 1563 4666 Bildwerke
1575 4601 1609 4666 in
1619 4599 1814 4667 OberItalien
1824 4601 1864 4665 III
1878 4621 1909 4666 n.
1923 4603 2005 4682 336).

469 4793 495 4863 1)
513 4789 641 4861 Effigiem
658 4790 772 4847 alieuius
794 4791 987 4860 nepotulorum
1006 4790 1122 4861 Augusti
1146 4795 1318 4859 agnoverunt
1342 4790 1395 4845 riri
1412 4791 1496 4863 periti
1518 4792 1548 4847 iu
1566 4792 1656 4864 capite
1679 4809 1832 4849 marmoreo
1850 4792 2006 4849 Matriiensi

370 4878 405 4934 de
422 4894 476 4948 quo
493 4877 632 4934 adeundus
651 4879 728 4934 Aona
745 4875 874 4932 Huebuer
890 4877 942 4933 DIe
959 4877 1074 4933 ant-iheu
1091 4876 1245 4933 Bildwerka
1263 4877 1292 4931 in
1310 4877 1426 4943 Madrid,
1444 4897 1471 4950 p.
1488 4879 1547 4944 227,
1567 4879 1626 4934 502.

468 4961 496 5033 2)
516 4961 661 5019 Raoeuauit
677 4962 730 5018 hoc
746 4964 954 5017 mouumentum
973 4964 1050 5018 Aona
1068 4960 1197 5017 Hucbner
1214 4962 1244 5016 iu
1262 4964 1360 5019 Annai.
1377 4964 1441 5023 inst.
1459 4970 1480 5023 t.
1499 4967 1533 5022 35
1550 4984 1578 5036 p.
1598 4965 1656 5020 141.
