4792 6120
913 392 982 456 XLI

227 592 296 656 lam
318 610 396 655 vero
414 610 487 655 curn
511 608 588 656 cura
610 608 669 653 nec
689 589 757 653 sine
778 589 903 654 ratione
924 588 1069 654 carmina
1089 589 1214 654 minora
1230 588 1345 655 Catulli
1372 593 1531 659 adornata
1550 615 1618 660 esse
1640 598 1769 664 abunde

126 700 168 763 ab
189 699 258 763 aliis
280 699 534 763 demonstratum
555 700 616 772 est;
650 715 716 778 qua
737 696 771 760 in
792 715 827 760 re
848 700 880 760 et
907 696 1092 761 variationis
1111 697 1254 762 studium
1274 698 1436 763 observari
1459 702 1563 781 potuit
1585 708 1617 767 et
1637 704 1671 769 id
1693 724 1769 770 con·

125 805 247 883 sitium,
279 810 315 870 ut
337 807 528 885 argumenta
547 806 685 884 cognata
707 803 812 868 vicino
839 803 910 867 loco
932 802 1172 868 collocarentur.
1222 802 1314 869 Certe
1336 804 1432 885 igitur
1453 808 1656 874 coniecturae
1677 831 1769 877 meae

125 934 209 996 quae
228 918 276 978 est
292 913 332 977 de
350 910 496 976 Camerio
507 909 623 974 Catulli
644 909 778 992 pusione
795 909 828 974 id
845 910 941 989 iavet,
957 909 1046 991 quod
1061 909 1094 973 in
1116 909 1262 991 proximo
1280 916 1429 993 poemate
1447 913 1487 976 de
1505 917 1627 996 pupulo
1643 918 1768 1000 puellae

126 1042 194 1086 rem
212 1041 279 1085 esse
299 1020 452 1083 videmus.
495 1016 596 1080 Simul
618 1035 779 1093 memoro,
808 1015 915 1079 minus
944 1035 1066 1097 urgueo
1094 1021 1204 1081 tamen
1225 1017 1322 1082 etiam
1344 1019 1526 1100 proximum
1548 1040 1679 1088 carmen
1701 1024 1768 1088 LIV

125 1129 263 1211 incipere
283 1147 322 1191 ex
344 1125 475 1190 Othonis
497 1130 592 1208 caput
612 1123 728 1204 oppido
750 1131 793 1187 eat
811 1122 981 1203 pusillum,
1013 1123 1128 1188 deiude
1150 1124 1183 1187 in
1203 1143 1230 1188 c.
1248 1123 1313 1188 LIII
1331 1127 1575 1206 pronuntiatum
1597 1149 1666 1194 esse
1691 1131 1768 1197 illud

125 1236 333 1320 salaputtiom
355 1234 510 1298 disertum
539 1230 580 1294 de
601 1229 700 1294 Calvo
730 1230 784 1312 qui
815 1230 985 1312 »parvolus
1014 1234 1156 1294 staturas
1190 1231 1258 1295 tuit.
1307 1231 1422 1296 l’ateor
1454 1237 1563 1298 tamen
1592 1236 1768 1302 etlamnum

125 1343 203 1407 mihi
216 1341 385 1406 verisimile
398 1339 499 1403 videri
515 1337 603 1420 quod
617 1336 692 1400 otim
709 1337 933 1401 commendavi
948 1338 991 1401 ad
1002 1335 1068 1400 LIV
1081 1337 1094 1399 l
1117 1334 1248 1400 Othonis
1263 1343 1358 1418 caput
1372 1339 1488 1423 oppido
1504 1348 1550 1405 est
1563 1343 1766 1426 pratellum¹);

124 1450 168 1514 sic
189 1469 305 1532 nempe
322 1448 474 1532 putidum
496 1453 591 1525 caput
612 1444 840 1509 contumeliose
861 1443 976 1507 dicitur
999 1441 1113 1524 Vergil.
1135 1443 1292 1526 Catalept.
1315 1447 1343 1522 3,
1361 1445 1397 1520 23
1419 1447 1493 1523 4,1.

225 1556 342 1620 Munus
362 1573 438 1618 vero
459 1553 556 1618 etiarn
579 1571 677 1616 unum
699 1554 852 1631 superest,
874 1568 934 1614 nec
956 1551 989 1614 id
1010 1550 1036 1614 si
1058 1550 1283 1631 reiugerimus,
1312 1571 1389 1616 vera
1410 1552 1492 1617 haec
1513 1555 1674 1620 conclusio
1695 1557 1763 1622 erit.

123 1661 400 1727 Commonendum
423 1664 471 1725 est
490 1659 576 1723 enim
604 1659 687 1722 inter
707 1657 890 1722 Camerium
919 1661 951 1721 et
978 1657 1083 1738 ipsum
1105 1657 1258 1721 Amorem
1280 1658 1473 1740 peculiarem
1502 1662 1696 1742 parilitatem
1718 1663 1769 1727 iu-

124 1768 284 1832 tercedere
305 1767 411 1831 nescio
433 1785 549 1848 quam,
578 1765 675 1829 talem
697 1783 773 1827 vero
793 1767 830 1827 ut
851 1763 977 1827 conscio
999 1783 1058 1828 nec
1080 1765 1180 1828 inscio
1201 1770 1296 1846 poeta
1318 1769 1422 1829 ortum
1447 1768 1574 1848 ceperit.

227 1873 405 1938 Similitudo
425 1872 528 1936 tribus
556 1871 757 1954 potissimum
787 1871 883 1935 rebus
905 1871 1049 1935 efficitur.
1091 1872 1131 1936 Et
1153 1872 1257 1953 primo
1285 1871 1408 1953 fugitivi
1436 1878 1511 1938 sunt
1533 1875 1630 1939 ambo
1659 1880 1690 1940 et
1708 1896 1766 1941 an-

125 1987 294 2065 quimntur
316 1982 366 2063 (ci.
387 2003 419 2064 p.
441 1980 497 2045 XV
519 1978 590 2061 sq).
631 1978 753 2042 Deinde
779 1977 944 2043 Camerius
973 1979 1039 2042 sive
1069 1979 1102 2042 in
1131 1979 1268 2060 pectoris
1297 1979 1414 2060 angulo
1443 1981 1525 2045 Inter
1549 1982 1684 2064 papillas
1701 1983 1768 2049 sive

124 2093 157 2157 in
179 2091 257 2156 rosis
279 2090 438 2166 consedit,
467 2088 508 2152 de
527 2088 647 2151 Amore
670 2084 846 2149 consimilia
874 2085 1054 2150 rettulimus
1075 2084 1119 2167 (p.
1141 2084 1212 2149 XVI
1235 2090 1266 2149 et
1289 2085 1395 2158 XVIII.
1437 2086 1581 2170 Denique
1603 2088 1768 2155 Carnerius

124 2202 190 2263 tam
207 2198 390 2280 prodigiosa
419 2194 470 2258 vel
498 2194 658 2257 celeritate
687 2193 736 2257 vel
764 2192 904 2273 fugiendi
930 2192 1097 2256 habilitate
1126 2192 1295 2273 insignitur
1315 2197 1351 2257 ut
1380 2212 1438 2258 nec
1461 2194 1566 2259 Ladas
1586 2215 1645 2259 nec
1666 2197 1766 2262 Rhesi

123 2305 217 2386 bigae
238 2324 298 2368 nec
320 2306 490 2365 ventorum
508 2300 690 2364 celerrimus
711 2319 784 2363 eum
809 2299 959 2381 consequi
982 2303 1119 2381 queaut;
1144 2299 1288 2363 celeritas
1309 2319 1386 2363 vero
1407 2299 1440 2363 in
1462 2300 1549 2364 nullo
1571 2302 1685 2367 clarior
1708 2303 1767 2368 suit

124 2430 222 2494 quam
248 2411 279 2474 in
301 2407 468 2489 Cupidine.
510 2407 546 2470 ln
568 2411 729 2487 postremo
751 2406 813 2470 hoc
836 2410 944 2470 autem
966 2407 1085 2471 diutius
1104 2406 1341 2470 subsistendum
1363 2410 1421 2470 est.

215 2517 255 2579 Et
277 2534 389 2579 verum
411 2518 459 2577 est
480 2514 577 2578 etiam
597 2513 636 2577 de
658 2512 789 2576 homine
810 2512 939 2577 adultae
961 2514 1076 2578 aetatis
1088 2513 1196 2578 simile
1217 2513 1296 2594 quid
1310 2512 1464 2578 iactatum
1486 2534 1553 2579 esse
1575 2515 1607 2578 in
1623 2515 1765 2579 Alexidis

124 2623 295 2686 comoediis
318 2621 366 2703 (fr.
387 2622 445 2685 201
469 2620 599 2701 Kochlt

558 2739 621 2815 ἐμοὶ
639 2749 805 2815 παρασιτεῖν
824 2747 951 2815 κρεῖττον
970 2728 1005 2813 ἦν
1024 2742 1061 2814 τῷ
1077 2741 1200 2815 Πηγάσῳ

559 2826 575 2900 ἢ
594 2836 651 2889 τοῖς
668 2827 826 2903 Βορεάδαις
845 2826 861 2902 ἧ
879 2831 951 2883 εἴτι
970 2829 1077 2882 θᾶττον
1095 2828 1136 2883 ἔτι
1156 2828 1248 2902 τρέχει

559 2911 575 2987 η’
593 2915 690 2988 Δημέᾳ
708 2915 835 2988 Λάχητος
852 2913 1057 2992 Ἐτεοβουτάδῃ.

558 3001 672 3056 πέτεται
692 2997 748 3076 γὰρ
767 2999 817 3075 ⁰¹51
835 2995 895 3056 οἷον
912 3004 1014 3072 βαδίζει
1036 2996 1085 3062 τὰς
1103 2996 1193 3060 ο’δου’ς.

122 3109 157 3173 ld
178 3111 265 3192 quod
288 3111 498 3176 condicionali
525 3114 677 3179 orationis
698 3114 802 3180 forma
821 3115 897 3179 olim
917 3115 1075 3197 Tyrtaeus
1097 3113 1254 3178 extulerat
1275 3111 1311 3176 ir.
1336 3111 1383 3190 12,
1400 3111 1439 3175 4:
1461 3109 1529 3173 οὐδ’
1551 3108 1581 3174 εἰ
1665 3108 1763 3196 νικῴη

122 3263 147 3280 ..
175 3223 265 3279 θεων
295 3218 443 3298 Θρηΐκιοι
472 3225 617 3302 Βορερνς
656 3222 733 3286 item
762 3221 923 3303 Theognis
954 3242 984 3285 v.
1014 3223 1083 3286 715.
1145 3219 1201 3284 Sin
1230 3223 1340 3284 autem
1380 3217 1420 3282 de
1456 3217 1569 3300 pusillo
1615 3218 1762 3283 Camerio

123 3323 265 3389 Catullus
295 3325 453 3390 exclamat
483 3326 517 3390 in
549 3328 690 3391 carmine
723 3328 861 3393 LVIllb:
894 3329 992 3394 etiam
1020 3329 1047 3392 si
1078 3327 1307 3410 Bellerophon,
1339 3324 1365 3389 si
1392 3324 1526 3389 Perseus
1554 3329 1763 3390 ventorumve

122 3431 337 3495 velocissimus
367 3437 464 3511 esset,
502 3433 585 3512 iore,
620 3437 658 3498 ut
687 3454 817 3517 peresus
844 3436 952 3500 multis
982 3435 1167 3518 langoribus
1195 3432 1345 3497 deficeret
1374 3432 1513 3496 amicum
1539 3432 1763 3514 quaeritando,

122 3538 217 3601 etiam
241 3540 345 3603 maius
361 3540 551 3605 miraculum
572 3541 606 3605 id
625 3560 693 3606 esse
713 3542 901 3607 intendebat
919 3547 1024 3624 poeta.
1064 3540 1234 3624 Proprium
1254 3542 1363 3604 autem
1382 3538 1443 3601 hoc
1457 3558 1586 3621 quoque
1597 3538 1763 3620 Cupidinis

121 3648 176 3707 esi·
220 3644 280 3720 Qui
304 3645 385 3718 ω’κδς
405 3648 492 3728 apud
515 3648 619 3730 ipsum
637 3646 832 3729 Meleagrum
853 3649 974 3714 anthol.
996 3647 1103 3713 PaIV
1124 3648 1238 3725 1773,
1261 3644 1340 3718 πάις
1361 3643 1534 3727 ω’κοπόδης
1555 3645 1761 3728 praedicatur

122 3750 209 3831 apud
230 3750 380 3817 Nonnum
403 3753 494 3818 Dion.
516 3755 565 3833 41,
585 3755 656 3830 ma
690 3754 918 3820 Constantinus
939 3761 1048 3821 autem
1070 3754 1299 3837 grammaticus
1321 3771 1347 3817 c.
1369 3752 1396 3816 ll
1417 3750 1556 3834 (bergh)
1579 3773 1609 3816 v.
1632 3754 1670 3817 51
1693 3773 1762 3835 sqq.

122 3860 153 3920 et
174 3857 210 3921 71
232 3878 279 3940 sq.
301 3858 381 3923 haec
405 3860 445 3924 de
466 3879 522 3925 eo:

557 3960 727 4040 ὑπερέπτατο
746 3969 858 4024 πλανῶν
874 3989 913 4043 με

553 4050 671 4122 λιβάδων
688 4049 799 4131 ὕπερθε
818 4061 929 4121 παίζων

554 4145 661 4220 ἔκαμον
678 4145 781 4220 τρέχων
799 4142 930 4199 ἐλαύνων.

553 4228 759 4307 α’πεπαοσιέμην
777 4229 883 4285 διώκων
902 4272 908 4284 .
920 4271 926 4282 .
937 4271 961 4284 ..

553 4315 686 4393 δροσερὰς
704 4317 744 4380 εἰς
762 4315 875 4389 λιβάδας
891 4313 978 4370 πολλὰ
997 4313 1096 4377 διώξας

553 4401 602 4460 τὸν
614 4403 720 4481 Ἔρωτα
739 4409 863 4479 βροχίσαι
882 4400 934 4459 οοίι
952 4401 1103 4476 ἐδυνήθην.

118 4495 202 4573 Quin
231 4497 328 4561 etiarn
350 4497 536 4581 Propertius
561 4501 605 4566 ad
625 4503 778 4575 Amorem
808 4501 908 4566 verba
933 4500 997 4565 lere
1027 4499 1141 4564 eadem
1170 4499 1303 4566 detorsit
1324 4519 1408 4584 quae
1428 4498 1517 4583 apud
1535 4497 1699 4564 Catullum
1721 4500 1762 4564 de

120 4600 265 4668 Camerio
297 4604 460 4686 leguntur,
499 4605 597 4689 ipsius
635 4608 730 4673 huius
771 4606 941 4672 Catulliani
982 4605 1103 4670 tloscuti
1135 4605 1285 4671 rhetorici
1322 4606 1455 4672 tortasse
1483 4626 1549 4671 nou
1580 4605 1759 4686 immemor,

119 4709 146 4772 II
163 4711 212 4788 30,
229 4710 249 4774 L
267 4731 354 4794 sqq:

219 4868 244 4937 l)
263 4869 303 4925 De
321 4887 350 4924 re
367 4869 481 4926 libraria
497 4889 524 4942 p.
546 4871 598 4926 408
616 4873 678 4932 adn.
698 4875 722 4929 4.
