4792 6120
882 418 1015 482 XXXIX

229 611 318 675 Haec
347 612 443 694 igitur
469 613 523 678 illa
544 612 762 677 Alexandrina
791 615 963 696 pusionum
992 615 1121 696 linguae
1149 615 1342 697 protervitas
1370 619 1430 692 est,
1471 636 1555 698 quae
1584 618 1659 700 quia
1689 619 1775 702 ipsos

128 718 235 796 decet,
268 723 300 783 et
327 720 454 784 veniam
475 720 574 784 habet
601 724 633 785 et
663 740 819 803 eosquos
840 722 954 804 pungit
985 742 1097 786 amara
1121 722 1288 787 dulcedine
1312 722 1480 787 demulcet.
1524 724 1613 790 Haec
1635 725 1774 809 denique

127 825 180 889 illa
211 825 393 907 garrulitas,
421 845 520 909 quam
542 827 686 892 Catullus
715 847 844 911 quoque
870 828 902 893 in
930 828 1077 893 Camerio
1112 828 1240 911 plurimi
1271 829 1460 894 aestimavit.
1511 831 1657 897 Tandem
1687 833 1773 897 enim

127 931 264 1014 perspici
292 932 388 997 credo
417 953 473 998 cur
498 934 549 998 ille
574 935 606 998 in
639 935 826 1016 gravissimo
860 936 946 1000 exitu
975 935 1132 1017 poematis
1154 935 1199 999 sic
1227 935 1287 1000 sibi
1319 935 1559 1002 adhortandum
1589 938 1773 1003 Camerium

128 1039 305 1119 putaverit,
334 1044 371 1104 nt
399 1040 534 1106 diceret:
570 1040 613 1105 »si
643 1042 731 1123 apud
752 1042 875 1123 puellas
902 1061 1074 1106 mansurus
1103 1061 1146 1119 es,
1175 1041 1296 1118 licebit;
1329 1046 1364 1106 at
1392 1043 1523 1124 loquere
1548 1045 1676 1121 saltem3
1706 1045 1775 1110 sine

125 1146 262 1210 verbosa
290 1146 373 1210 enim
405 1148 541 1230 loquella
564 1149 671 1213 Venus
700 1149 804 1213 omnis
831 1149 930 1231 perit«
962 1148 1013 1229 (cl.
1042 1168 1073 1230 p.
1095 1146 1235 1228 XXXV).
1277 1148 1471 1231 Perspicitur
1498 1169 1595 1232 porro
1623 1171 1680 1215 cur
1711 1172 1772 1234 ego

128 1272 257 1316 versum
281 1253 318 1316 17

658 1359 718 1414 »Me
736 1362 834 1415 unctae
852 1360 983 1415 lacteolae
998 1363 1094 1415 tenent
1110 1360 1232 1431 puellae«

130 1469 174 1533 ita
196 1474 231 1534 ut
253 1470 326 1534 dedi
348 1471 546 1535 emendarim
562 1477 594 1536 et
615 1471 837 1553 accipiendum
854 1472 994 1553 putarim
1012 1472 1063 1548 (ct.
1073 1492 1104 1555 p.
1119 1471 1167 1554 V).
1210 1472 1336 1536 Scilicet
1349 1471 1492 1537 Catullus
1514 1473 1594 1538 haec
1616 1474 1716 1538 verba
1736 1494 1776 1538 ex

98 1609 100 1613 <
129 1595 267 1658 persona
282 1577 421 1641 Camerii
446 1579 590 1660 protatur
611 1583 708 1661 atque
730 1578 877 1643 Camerio
898 1599 956 1643 suo
977 1579 1062 1661 loqui
1084 1580 1242 1643 recusanti
1267 1579 1371 1662 praeit
1398 1599 1437 1644 ea
1458 1581 1679 1662 pronuntians.
1724 1581 1776 1645 Sic

130 1682 215 1746 enim
231 1682 281 1757 fin
304 1685 456 1765 puerulus
472 1686 497 1749 si
510 1687 679 1763 obmutuit,
703 1685 817 1766 digitos
838 1686 921 1767 sugit
938 1686 1136 1751 obstinanter
1155 1689 1265 1750 tacens
1284 1686 1443 1768 silensque
1455 1691 1491 1751 ut
1506 1687 1612 1769 stipes,
1633 1693 1669 1753 ut
1684 1688 1775 1770 lapis.

130 1787 274 1854 Catullus
294 1791 519 1856 adblandiens:
548 1793 679 1876 loquere
700 1794 795 1871 mihi,
816 1794 962 1877 loquere,
983 1794 1033 1857 vel
1056 1793 1118 1857 hoc
1139 1793 1252 1857 saltem
1273 1793 1339 1857 dic:
1371 1793 1477 1875 »apud
1500 1793 1623 1877 puellas
1644 1814 1776 1859 manere

129 1897 232 1961 volo«.
275 1896 419 1980 Denique
441 1899 474 1963 in
500 1919 538 1964 eo
561 1920 687 1965 summa
708 1906 824 1984 poetae
846 1901 1026 1984 desperatio
1044 1900 1200 1983 pingitur,
1229 1899 1318 1981 quod
1340 1899 1487 1964 Camerio
1508 1900 1670 1965 concedit:
1701 1901 1775 1965 licet

130 2004 259 2068 obseres
280 2004 440 2087 palatum,
464 2006 639 2073 dummodo
663 2008 758 2073 vestri
779 2009 897 2073 amoris
918 2008 1079 2090 particeps
1102 2007 1178 2071 tiam
1200 2007 1242 2088 (v.
1258 2007 1295 2070 21
1319 2026 1384 2089 sq.;
1407 2006 1445 2070 cl.
1469 2027 1500 2089 p.
1523 2007 1573 2089 V).

236 2281 343 2362 Atque
359 2280 403 2344 sic
425 2281 555 2345 tandem
576 2281 616 2345 de
632 2281 820 2362 garrulitate
835 2282 1032 2345 transactum
1052 2283 1107 2343 est.
1151 2279 1213 2343 Ubi
1233 2298 1310 2342 vero
1328 2279 1490 2360 negotium
1504 2279 1646 2362 quiescit,
1666 2281 1779 2362 paucis

135 2389 280 2456 animum
294 2387 424 2452 reticere
445 2388 630 2452 conceditur
643 2392 675 2452 et
690 2388 733 2452 ad
748 2391 912 2452 transacta
934 2389 1165 2468 retrospectare
1180 2389 1212 2450 et
1230 2385 1412 2466 recolligere
1427 2405 1511 2468 quae
1525 2386 1678 2468 dissipata
1692 2392 1776 2452 sunt.

133 2495 200 2560 Nec
217 2496 317 2561 deerit
330 2495 463 2560 fortasse
475 2495 530 2576 qui
545 2495 641 2559 etiam
657 2495 689 2558 in
704 2494 935 2577 penitissimam
948 2493 1064 2558 harum
1079 2513 1186 2560 rerum
1200 2493 1413 2574 cognitionem
1428 2497 1459 2557 et
1474 2493 1505 2556 in
1521 2512 1651 2558 causam
1666 2513 1777 2559 earum

135 2603 161 2667 si
181 2603 247 2667 fieri
266 2603 366 2686 possit
387 2602 573 2683 primariam
595 2621 629 2667 se
659 2602 820 2666 insinuare
840 2601 924 2665 vetit.
966 2599 1138 2678 Quaeritur
1165 2599 1266 2675 enim,
1294 2599 1380 2663 unde
1400 2598 1452 2662 illo
1473 2619 1553 2664 aevo
1578 2601 1776 2683 potissimum

136 2727 201 2773 non
223 2709 322 2773 solum
344 2712 500 2773 Amorum
522 2709 716 2790 imaginum,
747 2709 803 2773 sed
823 2709 964 2790 ipsorum
987 2707 1158 2789 pusionum
1177 2709 1269 2770 tanta
1291 2706 1451 2770 affectatio
1472 2710 1550 2770 nata
1574 2707 1636 2772 sit?
1679 2707 1778 2772 Cuius

136 2815 328 2898 quaestionis
349 2835 536 2897 responsum
567 2816 697 2897 quidem
720 2815 777 2879 sibi
809 2815 944 2898 quisque
975 2833 1013 2877 ex
1035 2813 1167 2877 arbitrio
1187 2812 1359 2893 excogitet,
1390 2812 1466 2876 dum
1487 2813 1584 2878 modo
1613 2815 1656 2878 ad
1672 2835 1777 2879 mores

135 2923 258 3003 generis
293 2923 426 2987 humani
460 2943 585 3005 semper
622 2923 752 3005 quidem
782 2922 840 2985 sibi
880 2925 1077 2997 constantes,
1109 2919 1237 2984 eosdem
1267 2938 1343 2982 vero
1372 2939 1430 3001 per
1459 2923 1605 3001 tempora
1635 2921 1778 2985 variatos

134 3028 244 3093 sedulo
265 3031 423 3111 respiciat.
466 3030 536 3093 Hoc
555 3049 654 3093 unum
678 3029 844 3106 dehortor,
873 3048 915 3092 ne
944 3027 1024 3091 forte
1046 3027 1247 3090 libidinosam
1271 3029 1398 3090 tantum
1424 3026 1621 3107 voluptatem
1644 3027 1695 3091 vel
1716 3027 1776 3091 im·

134 3135 269 3218 probam
292 3136 448 3201 luxuriem
470 3136 707 3200 consuetudinis
738 3136 858 3199 fontem
878 3134 1008 3198 unicum
1039 3138 1096 3197 aut
1123 3131 1332 3215 principalem
1363 3132 1458 3196 luisse
1479 3133 1656 3215 opinemur.
1702 3133 1779 3199 Ver-

134 3261 244 3306 samur
265 3243 350 3307 enim
372 3244 404 3306 in
426 3263 464 3307 eo
485 3241 550 3307 fere
571 3243 697 3307 saeculo
718 3262 782 3324 quo
805 3243 900 3306 etiam
931 3242 1018 3305 lesus
1047 3239 1195 3304 dominus
1215 3239 1352 3304 infantes
1372 3244 1404 3303 et
1431 3239 1473 3304 ad
1501 3261 1535 3305 se
1557 3241 1666 3305 venire
1687 3241 1778 3305 iussit

135 3353 166 3412 et
187 3349 389 3430 amplexatus
409 3354 465 3414 est.

245 3456 333 3520 Haec
354 3457 492 3532 saecula,
514 3457 630 3538 quibus
651 3456 805 3538 originem
822 3455 907 3538 cepit
928 3453 1190 3531 christianismus,
1212 3454 1293 3519 haec
1314 3455 1385 3536 ipsa
1401 3459 1485 3534 sunt,
1509 3456 1564 3520 ubi
1583 3457 1651 3521 iam
1666 3476 1780 3521 omnes

135 3562 255 3644 ubique
281 3564 431 3628 mortales
456 3584 545 3646 spem
574 3564 810 3628 inmortalitatis
836 3564 1019 3627 animarum
1051 3562 1227 3644 captabant
1253 3566 1285 3626 et
1318 3562 1517 3627 innocentiae
1548 3564 1662 3646 plenae
1683 3583 1774 3628 recu·

136 3669 297 3750 perandae
325 3671 480 3735 desiderio
509 3671 771 3736 incendebantur.
821 3671 871 3735 Tu
899 3689 975 3733 vero
997 3673 1102 3733 totum
1122 3669 1266 3732 animum
1289 3669 1386 3733 modo
1408 3669 1558 3750 impende
1580 3670 1612 3733 in
1635 3674 1779 3734 contem·

137 3776 310 3857 plationenr
333 3778 503 3842 infantium
516 3778 694 3843 ludentium
710 3778 918 3860 garrientium
940 3775 1144 3859 prolusorum
1166 3775 1215 3838 vel
1233 3775 1264 3839 in
1280 3775 1429 3840 lacrimas
1443 3777 1492 3840 vel
1514 3777 1547 3840 in
1566 3776 1776 3842 cachinnum:

137 3883 283 3946 desubito
313 3885 507 3949 relaxaberis
533 3886 671 3966 ingenua
699 3885 752 3949 illa
773 3884 972 3966 ignoratione
991 3882 1154 3947 infortunii
1172 3886 1204 3945 et
1230 3881 1356 3946 sceleris
1378 3902 1435 3964 per
1459 3883 1573 3947 intima
1589 3884 1778 3966 praecordia

137 3989 311 4053 delectatus
340 3996 372 4054 et
391 4011 484 4056 curas
511 4012 700 4056 evanescere
722 3996 754 4056 et
774 3990 873 4054 animi
895 3990 1006 4055 nubila
1035 3988 1175 4053 serenari
1196 3989 1370 4071 persenties
1392 3994 1424 4053 et
1452 3988 1622 4054 infantium
1643 4010 1777 4071 regnum

138 4096 272 4160 caeleste
303 4117 370 4161 esse
397 4098 555 4162 fateberis.
604 4099 655 4162 Sic
685 4102 752 4161 tum
784 4098 898 4161 beatus
925 4096 976 4160 ille
1004 4095 1173 4160 videbatur
1197 4095 1252 4177 qui
1275 4094 1336 4159 lrui
1364 4101 1496 4179 aspectu
1518 4115 1630 4161 eorum
1651 4101 1779 4178 poterat

138 4221 237 4284 quam
258 4205 406 4268 maxime.

240 4310 275 4373 ln
290 4316 489 4376 mortuorum
507 4332 580 4377 vero
595 4311 771 4395 sepulchris
786 4316 856 4376 tum
874 4310 1004 4393 quidem
1020 4311 1117 4374 etiam
1136 4310 1247 4374 mortis
1268 4310 1460 4375 oblivionem
1475 4310 1656 4393 cupiebant,
1679 4311 1779 4376 vitam

137 4417 365 4498 sempiternam
394 4438 452 4500 per
481 4439 571 4501 spem
599 4439 637 4484 ac
664 4423 786 4483 metum
817 4417 1094 4499 amplexabantur.
1151 4417 1250 4499 Atqui
1279 4416 1374 4481 huius
1405 4417 1490 4481 vitae
1518 4422 1669 4482 aeternae
1698 4437 1780 4500 pura

138 4525 328 4589 intemerata
348 4530 379 4590 et
400 4526 601 4591 innocentiae
617 4527 713 4608 plena
735 4525 856 4607 gaudia
877 4544 945 4589 esse
973 4524 1147 4588 credebant
1167 4523 1341 4606 sperabant
1360 4524 1539 4605 exigebant.
1582 4525 1635 4588 Sic
1658 4524 1779 4589 lactum

139 4634 186 4694 est
207 4635 242 4694 ut
264 4630 431 4696 infantium
455 4632 597 4714 ipsorum
617 4633 794 4698 ludentium
816 4632 907 4696 idolis
927 4632 1025 4695 etiam
1047 4630 1264 4713 sarcophagos
1285 4630 1463 4695 exhilarare
1484 4631 1641 4714 placeret3
1663 4630 1781 4712 quibus

139 4739 245 4818 pueris
272 4738 341 4802 alas
369 4739 497 4821 insuper
528 4739 709 4804 adiciebant
739 4745 775 4804 ut
803 4738 928 4803 infinita
956 4739 1023 4802 sive
1054 4737 1162 4802 divina
1192 4737 1310 4818 gaudia
1339 4736 1419 4801 haec
1447 4756 1515 4801 esse
1537 4737 1778 4820 significaretur.

138 4845 282 4926 Denique
302 4845 364 4909 hac
387 4865 515 4928 quoque
538 4846 589 4909 via
609 4866 649 4910 ex
671 4846 840 4910 infantium
862 4865 972 4910 amore
994 4847 1150 4909 Amorum
1172 4862 1264 4908 amor
1283 4844 1445 4909 derivatus
1464 4849 1521 4909 est.
