4792 6120
1543 329 1641 393 XVIII

770 521 950 604 comparati
972 522 1059 603 apud
1073 522 1280 588 Theocritum
1293 524 1350 589 XV
1368 525 1427 590 120
1445 529 1477 590 et
1499 525 1587 608 apud
1610 523 1748 589 eundern
1763 524 1817 589 vn
1834 525 1892 589 177
1911 525 2089 608 praedicati
2109 524 2263 605 ιιάλοισιι·
2284 527 2389 607 ipsud

769 635 916 708 μένωσιν
943 627 1048 707 ὁμοῖοι
1076 629 1126 710 (cf.
1155 630 1249 695 Plato
1277 651 1303 696 c.
1327 632 1413 709 ΒΜ
1440 631 1583 714 Berginl3
1614 633 1686 696 talis
1706 631 1830 713 Cupido
1852 630 2030 714 descriptus
2051 636 2100 696 est
2121 632 2191 697 loro
2209 632 2366 699 celeberri

770 735 930 816 Apollonii
941 735 1048 800 Rhodi
1062 736 1102 800 III
1116 738 1285 804 lle-160.
1329 738 1412 802 Hinc
1430 759 1554 819 parvus
1576 740 1676 803 Arnor
1693 758 1758 803 non
1781 738 1997 820 infrequenter
2018 740 2051 803 in
2074 740 2272 805 carminibus
2293 741 2374 807 obvi

872 861 1018 925 Alterum
1037 881 1207 927 commune
1224 864 1395 944 pusionum
1413 868 1445 928 et
1456 863 1651 945 Cupidinum
1666 864 1729 927 hoc
1746 868 1803 941 est,
1825 862 1914 945 quod
1936 867 1992 927 aut
2012 863 2202 947 plerumque
2226 869 2285 929 aut
2305 884 2389 948 saep

770 986 905 1031 numero
926 969 1083 1049 gregatim
1102 969 1315 1035 habebantur.
1357 970 1591 1053 Praeplacebat
1611 971 1698 1035 enim
1726 971 1758 1034 iu
1781 969 1922 1052 parvulis
1945 969 2125 1035 multitudo.
2169 971 2209 1035 Et
2230 970 2263 1036 id
2287 990 2381 1056 quoq

769 1073 802 1136 in
823 1073 1018 1156 Cupidinum
1040 1075 1217 1141 simulacris
1239 1098 1338 1159 quarn
1359 1079 1459 1160 spisse
1480 1080 1676 1153 observetur,
1699 1097 1763 1141 non
1790 1081 1837 1140 est
1860 1077 1947 1159 quod
1969 1076 2169 1142 documentis
2189 1078 2358 1156 muniam3
2391 1106 2396 1137 ι

771 1180 882 1245 litteris
905 1200 1005 1245 unurn
1028 1181 1133 1247 locum
1153 1183 1262 1247 Bionis
1291 1184 1485 1266 decerpsisse
1507 1184 1644 1249 sufficiat
1674 1184 1729 1266 qui
1750 1188 1798 1247 est
1819 1183 1851 1246 in
1879 1182 2036 1247 Adonidis
2058 1184 2222 1267 epitaphio
2239 1204 2270 1249 τ.
2283 1187 2394 1269 80sq

772 1287 827 1350 uhi
849 1291 973 1368 septem
995 1288 1256 1370 numerantur¹):

1209 1415 1282 1491 ιίμᾳί
1300 1420 1331 1472 δέ
1348 1440 1399 1492 Ιιιιν
1420 1421 1565 1479 κλαίοντες
1583 1414 1820 1490 ἀναστενάχουσιν
1834 1417 1952 1490 Ἑριοτες

1209 1503 1375 1578 κειριίμενοι
1392 1509 1491 1577 χαίτας
1510 1500 1552 1558 ἐπ’
1570 1502 1694 1558 Ἀδώνιδι·
1711 1499 1751 1576 χώ
1768 1504 1822 1575 μὲν
1841 1502 1945 1565 ὄισττίς,

1208 1586 1239 1651 ὃς
1248 1587 1277 1644 δ’
1286 1588 1332 1645 ε’πί
1343 1589 1422 1650 τόξον
1432 1587 1527 1660 ἔβαιν’,
1546 1586 1576 1651 ὅς
1586 1587 1613 1644 δ’
1624 1588 1760 1664 εὔπτερον
1770 1579 1824 1660 dyc
1835 1591 1985 1664 φαρέτραν,

1205 1674 1244 1750 χιιί
1261 1677 1316 1750 μὲν
1335 1677 1413 1731 ἔλυσε
1432 1677 1544 1731 πέδιλον
1563 1673 1707 1742 Ἀδώνιδος,
1727 1673 1758 1736 ὃς
1776 1677 1805 1729 δὲ
1824 1677 1916 1748 λέβητι

1204 1768 1323 1837 χρυσείῳ
1341 1760 1477 1836 ἐαόρησεν
1495 1759 1573 1835 ὕδωρ,
1594 1758 1608 1815 ὅ
1628 1763 1657 1815 δὲ
1676 1757 1767 1836 μηρὸν
1787 1762 1892 1826 ἔλοοιν,

1207 1848 1237 1910 ὃς
1255 1847 1283 1902 δ’
1302 1851 1406 1903 ὄπιθεν
1425 1846 1611 1921 πτερύγεσσιν
1628 1846 1771 1921 ιίνίψαχεν
1791 1845 1838 1903 τίνν
1851 1848 1969 1903 Ἄδωνιν.

769 1964 817 2029 Ita
846 1966 991 2029 Amores.
1038 1962 1192 2044 Congruit
1219 1982 1295 2027 vero
1322 1963 1410 2044 quod
1444 1963 1541 2027 etiarn
1572 1962 1664 2045 pueri
1695 1961 1809 2027 minuti
1838 1963 1870 2025 in
1905 1963 2054 2028 domibus
2086 1964 2220 2028 divitum
2257 1968 2387 2047 gregati

768 2071 937 2147 ludebant,
960 2067 1290 2153 allucinationem
1313 2076 1487 2150 τρέφουσιν
1509 2066 1544 2130 oi
1565 2074 1709 2148 γυναῖκες
1726 2069 1803 2132 dicit
1816 2069 1944 2133 Cassius
1961 2071 2018 2134 Dio
2030 2071 2220 2147 XLVlllth
2245 2073 2354 2137 >turb

769 2198 879 2243 eorum
902 2179 935 2242 in
964 2179 1086 2242 harene
1113 2177 1200 2259 apud
1223 2177 1400 2241 Martialem
1426 2175 1561 2240 vidimus
1583 2176 1716 2252 1175,5
1738 2174 1790 2250 (cl.
1813 2196 1844 2257 p.
1868 2176 1952 2256 XII),
1983 2196 2056 2241 curn
2084 2178 2228 2260 pluribus
2257 2199 2327 2245 una
2348 2201 2387 2246 re

768 2285 866 2350 habet
888 2285 1084 2349 Octavianus
1106 2284 1204 2366 (Suet.
1232 2304 1258 2348 c.
1280 2285 1350 2361 83),
1380 2303 1453 2347 curn
1482 2283 1626 2365 pluribus
1653 2283 1750 2347 etiam
1779 2282 1925 2347 Tiberius
1956 2284 2098 2364 (Sueten.
2128 2305 2154 2349 c.
2183 2286 2251 2364 tlh
2281 2308 2393 2370 pueru

767 2394 946 2456 conlusores
962 2391 1158 2455 inducuntur
1178 2391 1265 2472 apud
1287 2391 1494 2474 Spartianum
1515 2391 1548 2454 in
1569 2391 1686 2453 Severo
1709 2408 1735 2453 c.
1757 2389 1788 2465 4,
1806 2390 1843 2465 63
1865 2394 2036 2472 propterea
2058 2392 2220 2456 collective
2243 2399 2285 2456 rot
2306 2416 2395 2475 γινμν

769 2497 913 2575 audiunt,
936 2498 978 2560 τοὶ
1002 2497 1133 2583 crecope?
1158 2498 1243 2577 (vide
1266 2498 1353 2561 locos
1375 2498 1457 2562 inira
1477 2497 1651 2579 allegatos).

873 2606 940 2668 lam
962 2625 1039 2669 vero
1068 2606 1196 2669 tertium
1228 2610 1259 2669 et
1280 2605 1504 2687 gravissimum
1526 2605 1596 2685 ipsa
1624 2603 1791 2669 nuditas
1813 2603 1913 2668 estin
1937 2623 2002 2685 quo
2032 2604 2156 2685 pueruli
2179 2605 2222 2669 illi
2243 2610 2275 2670 et
2295 2606 2364 2670 vivi
2393 2637 2396 2665 l

767 2716 836 2776 arte
864 2711 930 2775 ficti
959 2712 1206 2793 participabant.
1258 2712 1297 2776 Et
1328 2712 1359 2775 in
1389 2712 1605 2776 monumentis
1633 2712 1675 2789 de
1698 2711 1909 2792 Cupidinibus
1938 2710 1998 2774 hoc
2027 2712 2133 2775 valere
2162 2713 2187 2775 si
2209 2733 2373 2795 exponere

766 2819 888 2901 hgnurn
918 2839 977 2900 ego
1005 2819 1038 2882 iu
1066 2818 1179 2883 silvam
1198 2820 1324 2884 ferrern.
1367 2819 1419 2882 Sic
1448 2819 1600 2882 nimirum
1624 2818 1721 2882 etiarn
1749 2819 1856 2881 nardus
1881 2824 1982 2882 Amor
2011 2818 2160 2882 scribitur
2184 2818 2271 2900 apud
2300 2828 2392 2903 poet

767 2925 924 3008 (Propert.
945 2926 1074 2989 monob.
1098 2926 1127 3002 λ,
1147 2926 1184 3000 8;
1204 2925 1296 2989 Ovid.
1318 2926 1391 2989 Am.
1413 2925 1426 2989 l
1451 2927 1498 3001 10,
1512 2926 1544 3000 5;
1566 2926 1695 2989 Metam.
1718 2926 1747 2988 ll
1769 2925 1860 3006 516);
1889 2926 2008 3005 γυμνός
2028 2945 2054 2989 e.
2075 2945 2104 3007 g.
2135 2925 2224 3007 apud
2244 2926 2357 2993 Mosch

766 3033 798 3097 in
820 3033 939 3096 Amore
961 3033 1093 3114 fugitivo
1114 3053 1143 3096 r.
1168 3034 1222 3110 15,
1251 3032 1339 3114 apud
1359 3031 1510 3096 Nonnum
1540 3032 1630 3096 Dion.
1654 3033 1681 3110 7,
1697 3032 1775 3108 2753
1805 3033 1950 3110 48‚107;
1980 3032 2103 3114 ali0s2).
2142 3033 2273 3097 Maximi
2302 3040 2394 3101 auter

766 3139 920 3204 momenti
940 3140 1093 3222 estquod
1116 3140 1327 3204 demonstrari
1349 3144 1454 3222 potest
1473 3161 1590 3222 pueros
1603 3139 1743 3204 minutos
1756 3160 1837 3221 quos
1859 3139 1987 3223 proprie
2006 3160 2158 3204 vocamus
2175 3141 2261 3222 ipsos
2282 3162 2394 3227 quoqu

766 3250 798 3310 et
818 3265 944 3327 semper
963 3246 1109 3327 quidem,
1138 3251 1174 3310 ut
1194 3246 1334 3323 videtur,
1364 3247 1527 3311 incessisse
1546 3246 1660 3311 nudos.
1703 3247 1777 3310 Eius
1805 3246 1850 3309 rei
1874 3266 2072 3328 quamquam
2096 3247 2199 3311 multa
2228 3250 2394 3314 testimoni

765 3357 893 3434 praesto
914 3372 979 3416 non
1000 3358 1087 3431 sunt,
1115 3357 1225 3417 tamen
1247 3353 1291 3417 ita
1312 3357 1387 3417 sunt
1408 3358 1596 3436 comparata
1618 3358 1654 3417 ut
1672 3373 1731 3435 pro
1753 3352 1897 3433 plurimis
1918 3352 2031 3416 haberi
2053 3353 2184 3434 possint.

862 3458 914 3522 Sic
949 3458 1045 3541 plane
1080 3460 1205 3541 scripsit
1231 3458 1433 3522 Herodianus
1465 3459 1496 3523 in
1524 3459 1590 3522 vite
1618 3458 1787 3523 Commodi
1817 3459 1828 3521 l
1859 3460 1906 3535 17,
1925 3463 1958 3525 3:
1997 3449 2038 3546 ἦν
2075 3459 2111 3521 δὲ
2149 3460 2203 3521 καὶ
2239 3461 2390 3524 nordio

765 3570 873 3627 πάνυ
896 3561 1044 3648 νήπιον
1064 3563 1188 3628 τούτων
1208 3565 1248 3646 dr)
1269 3569 1345 3626 τῶν
1366 3569 1525 3644 γυμνῶν
1543 3570 1616 3646 μὲν
1638 3567 1835 3646 ἐσθῆτος,
1863 3571 1974 3647 χρυσῷ
1995 3567 2106 3629 δὲκαὶ
2128 3567 2235 3640 λίθοις
2256 3587 2378 3649 κεκοσμ

763 3678 887 3752 μένων,
919 3663 965 3745 οἷς
986 3672 1039 3734 αἐὶ
1062 3677 1212 3752 χαίρουσι
1233 3672 1396 3752 Ῥωμαίων
1418 3670 1449 3734 οἱ
1469 3676 1661 3754 τρυφῶντες.
1704 3672 1800 3736 Vides
1821 3693 1993 3755 puerorum
2017 3674 2110 3738 simul
2133 3678 2165 3737 et
2186 3694 2358 3739 numerum
2388 3703 2396 3735 ι

766 3778 985 3843 nudationem.

862 3886 950 3950 Idem
972 3885 1068 3950 etiarn
1091 3884 1232 3949 efficiunt
1253 3885 1352 3949 verba
1374 3884 1523 3949 breviora
1542 3885 1659 3967 quihus
1670 3884 1797 3950 Cassius
1817 3888 1875 3951 Dio
1885 3887 1993 3952 LXVII
2007 3887 2044 3949 15
2066 3886 2099 3950 in
2121 3892 2225 3951 morte
2236 3888 2376 3952 Domitia

761 4015 837 4059 usus
859 3999 922 4059 est:
953 3992 1088 4054 παιδίον
1105 4014 1137 4053 τι
1158 3995 1222 4053 τῶν
1243 3996 1370 4070 γυμνῶν
1390 3996 1455 4052 τῶν
1479 3996 1648 4077 metuerim
1678 3994 1909 4075 ponderandus
1936 3998 1983 4057 est
2013 3993 2124 4076 utique
2150 3995 2303 4059 articulus
2325 3999 2393 4058 τῶν

762 4101 925 4183 intelleges
951 4103 1072 4163 certam
1096 4099 1188 4181 quasi
1210 4099 1344 4163 classem
1366 4099 1433 4163 sive
1451 4098 1588 4180 speciem
1612 4099 1708 4164 luisse
1730 4101 1911 4176 infantium,
1934 4100 1989 4181 qui
2013 4101 2210 4165 vocabantur
2231 4103 2273 4164 τοὶ
2293 4124 2396 4186 rope

859 4207 1053 4289 Explicatius
1082 4205 1209 4270 Cassius
1241 4207 1301 4270 Dio
1332 4206 1372 4270 de
1403 4225 1437 4270 re
1472 4206 1585 4270 eadem
1615 4207 1747 4272 feliciter
1779 4208 1860 4272 dixit
1890 4207 1932 4271 ad
1963 4226 2084 4272 aunum
2119 4209 2159 4272 38
2191 4228 2220 4271 a.
2255 4207 2329 4271 Chr.
2366 4228 2387 4272 n

760 4314 884 4379 XLVIII
897 4314 947 4392 td,
969 4313 1025 4378 ubi
1046 4313 1127 4377 hacc
1141 4318 1231 4377 sunt:
1255 4312 1356 4374 παιδ
1366 4316 1429 4374 ίαν
1449 4315 1558 4374 τιτῶν
1577 4318 1731 4399 ψιθυρῶν
1753 4304 1794 4375 ol
1800 4337 1821 4374 οι
1842 4310 1878 4374 αἱ
1897 4316 2043 4392 γυναῖκες
2061 4314 2193 4395 γυμνοί
2218 4314 2260 4387 ὠς
2284 4310 2381 4399 atqu

861 4551 887 4621 1)
906 4549 959 4606 Sex
976 4553 1158 4606 numerantur
1172 4547 1202 4603 in
1221 4548 1330 4618 pictura
1346 4547 1396 4604 illu
1413 4548 1510 4603 mortis
1528 4548 1670 4614 Adonidis,
1688 4551 1776 4605 Raoul
1796 4549 1881 4604 Roob.
1899 4549 1977 4605 choix
1996 4552 2053 4607 tob.
2072 4553 2096 4606 9.

863 4640 891 4707 2)
912 4637 992 4707 Apud
1011 4637 1148 4692 Catullum
1173 4636 1240 4690 68ss
1262 4635 1311 4688 134
1338 4635 1477 4690 inducitur
1502 4637 1585 4689 Amor
1609 4652 1703 4690 croceo
1727 4634 1862 4690 condidus
1894 4639 1923 4691 in
1948 4640 2059 4706 tuuioo,·
2083 4638 2101 4692 i.
2119 4655 2143 4693 e.
2170 4641 2229 4692 tam
2252 4638 2344 4693 soluta
2372 4662 2391 4687 22

760 4722 896 4788 tunicula,
921 4726 954 4777 ut
977 4723 1079 4778 candor
1102 4721 1222 4792 corporis
1249 4721 1409 4792 pelluceret;
1435 4721 1469 4776 cl.
1493 4720 1609 4790 Vergilii
1636 4723 1703 4775 lton.
1722 4721 1735 4774 I
1754 4721 1813 4776 ru.
1853 4723 1898 4779 Ite
1920 4724 2050 4779 nimirum
2074 4723 2159 4779 etiam
2185 4724 2299 4780 Amores
2328 4742 2388 4780 sae

761 4810 933 4880 chlamydem
952 4809 1057 4865 habent
1074 4809 1160 4864 libore
1177 4808 1315 4872 fluentem,
1334 4808 1370 4862 cf.
1390 4824 1413 4863 e.
1432 4827 1459 4878 g.
1477 4807 1597 4877 Helbigii
1615 4806 1832 4878 wandgemude
1848 4829 1876 4864 n.
1896 4810 1947 4864 632
1962 4828 2020 4880 sqq.
