4792 6120
874 494 1018 560 XXXVII

123 691 299 773 gratiosam
320 690 406 756 vitae
432 690 665 771 ignorationem
685 694 717 755 et
737 710 881 756 amorem
904 692 1069 756 tabulandi
1092 695 1123 755 et
1146 692 1332 756 contiuuum
1352 692 1441 756 illum
1463 711 1502 756 ac
1523 693 1700 775 simplicem
1721 695 1770 760 in-

122 797 310 879 terrogandi
339 796 495 880 impetum
525 798 732 880 puerulorum
759 799 924 881 proprIum
954 798 1107 881 graphice
1144 798 1336 879 exprimeret
1365 818 1437 864 cum
1469 820 1598 865 summa
1624 802 1768 866 veritate.

122 906 232 988 Atque
253 905 321 988 ipse
341 905 386 968 ibi
406 904 547 986 luppiter
576 904 696 969 iudicat
718 901 736 983 ἕ
759 907 795 969 3:
827 904 868 977 ὠς
889 903 1013 987 α’ᾳελής
1034 903 1051 965 o‘
1075 907 1154 977 παῖς
1176 907 1246 967 ἐστι
1268 905 1322 966 καὶ
1355 904 1513 979 oirrioi-'xvic
1542 907 1596 969 nai
1624 905 1706 971 adro*
1729 908 1770 994 dr)

122 1016 220 1075 τοῦτο
241 1015 321 1084 παῖς
337 1012 393 1074 ἔτι.
437 1011 492 1075 Est
513 1015 622 1075 autem
645 1010 847 1093 Ganymedes
864 1011 926 1089 hir,
951 1012 1079 1094 qualem
1102 1011 1262 1076 Lucianus
1285 1012 1460 1094 descripsit,
1483 1014 1568 1078 idem
1591 1015 1634 1079 ad
1652 1015 1768 1095 lovem,

124 1118 214 1202 quod
233 1119 421 1185 Sarmentus
441 1118 483 1182 ad
507 1119 703 1199 Augustum,
731 1118 898 1182 Camerius
923 1118 966 1183 ad
987 1118 1158 1183 Catullum.

217 1226 362 1308 Denique
377 1225 403 1290 si
418 1224 490 1308 quis
504 1223 685 1289 huiusmodi
703 1224 762 1289 sibi
779 1244 896 1307 pueros
911 1226 1131 1307 comparabat,
1153 1224 1317 1305 linguae
1332 1244 1443 1289 eorum
1458 1226 1768 1308 protervitatem

124 1332 313 1416 primariam
345 1332 566 1396 condicionem
588 1331 741 1405 faciebam
772 1332 805 1396 id
833 1331 932 1396 tradit
954 1331 1076 1396 Seneca
1105 1332 1158 1396 Ad
1182 1331 1338 1396 Serenum
1369 1351 1396 1395 c.
1420 1334 1505 1409 11‚3
1538 1353 1701 1416 exponens
1731 1335 1771 1399 de

125 1440 232 1525 pueris
257 1439 481 1522 ›procacibus‹
513 1442 545 1503 et
575 1438 803 1502 >solutissimae
825 1439 989 1520 liuguae«,
1019 1458 1100 1521 quos
1129 1458 1194 1502 non
1213 1439 1311 1503 modo
1340 1439 1490 1504 »mercati
1512 1440 1593 1504 sint«
1617 1440 1767 1518 Romani,

126 1548 184 1613 scd
209 1546 477 1630 ›impudenham‹
500 1565 610 1610 eorum
626 1546 722 1609 ctiam
743 1546 935 1610 ›acuerint‹.
983 1546 1050 1610 lam
1067 1565 1143 1609 vero
1158 1544 1221 1609 hac
1240 1545 1434 1627 loquacitate
1450 1566 1607 1629 quosnam
1623 1547 1772 1629 pusiones

124 1655 228 1735 magis
256 1654 496 1718 commendatos
524 1653 620 1717 tuisse
651 1652 905 1734 praesumpseris
933 1671 1033 1733 quam
1055 1651 1229 1732 Aegyptios
1257 1653 1307 1716 vel
1329 1652 1586 1717 AlexandrInos?
1629 1653 1663 1717 Id
1685 1653 1771 1716 enim

126 1781 167 1826 ex
187 1761 257 1844 ipsa
277 1761 346 1825 eius
368 1761 470 1841 gentis
492 1760 597 1824 Indole
619 1759 766 1841 colligere
790 1779 867 1823 sane
883 1758 1004 1832 licebit;
1034 1758 1090 1822 sed
1121 1758 1217 1821 etiam
1239 1763 1374 1823 testatur
1393 1760 1515 1824 Statius
1546 1760 1613 1824 »nd
1634 1779 1770 1841 puerum

125 1888 238 1933 suum«
262 1868 336 1932 Silv.
360 1866 386 1929 V
407 1869 427 1931 5
458 1887 641 1931 memorans
661 1887 691 1930 v.
717 1868 758 1930 66
780 1865 831 1946 (cf.
857 1886 887 1947 p.
910 1866 1025 1945 XXXl)
1048 1885 1088 1929 ex
1110 1866 1258 1947 Aegypto
1287 1867 1350 1930 emi
1378 1887 1398 1931 a
1420 1867 1577 1932 RomanIs
1601 1867 1768 1949 »loquaces

126 1974 284 2050 delicias«,
307 1993 346 2038 ex
361 1974 509 2056 Aegypto
530 1974 702 2037 »insaniem
717 1973 772 2054 qui
787 1972 933 2036 didicerit
947 1971 1007 2035 Nili
1021 1973 1174 2050 convicta,
1194 1972 1304 2054 lingua
1319 1973 1501 2056 salibusque
1516 1979 1719 2055 protervum<
1736 1974 1768 2056 ¹).

232 2080 366 2163 Egregie
385 2099 462 2143 vero
484 2080 623 2144 concinit
644 2077 858 2157 Quintilianus
879 2079 891 2142 l
913 2079 941 2156 I,
961 2079 980 2142 6
1002 2099 1048 2160 sq.
1072 2079 1232 2160 castigans
1254 2080 1501 2161 indulgentiam,
1531 2100 1596 2163 qua
1618 2081 1667 2146 sui
1688 2086 1770 2146 tem·
1827 2146 1829 2150 Α

127 2188 214 2272 poris
235 2187 391 2253 nobilium
418 2186 472 2250 filii
502 2188 638 2251 infantes
665 2186 857 2251 educentur:
890 2185 1030 2248 nondum
1055 2186 1163 2265 primu
1193 2186 1285 2250 verbo
1317 2188 1465 2267 exprimit
1490 2186 1619 2269 (Infans)
1707 2191 1773 2253 ium

127 2295 324 2381 conchylium
347 2295 453 2378 poscit
598 2294 774 2377 gaudemus
803 2292 931 2372 siquid
960 2293 1105 2356 licentius
1133 2292 1284 2357 dicerint.
1342 2293 1442 2357 Vcrbu
1470 2316 1509 2358 nc
1540 2294 1773 2360 Alexandrinis

128 2404 253 2490 quidem
269 2401 483 2482 permittendo
502 2400 624 2465 deliciis
643 2401 755 2463 risaei
773 2398 875 2464 osculo
897 2400 1082 2479 excipimur.
1118 2399 1184 2463 Nec
1204 2401 1340 2464 mirum:
1361 2421 1419 2466 nos
1436 2402 1604 2478 docuimus,
1628 2424 1666 2465 cc
1684 2404 1773 2467 nobis

132 2510 278 2573 oudinet.
321 2507 433 2571 Nullus
454 2507 519 2571 tere
546 2507 578 2570 in
606 2506 716 2571 litteris
739 2506 827 2569 locus
859 2505 1048 2570 luculentius
1076 2506 1275 2590 demonstrat
1294 2511 1326 2571 et
1356 2527 1454 2590 quam
1478 2513 1626 2591 receptae
1649 2510 1773 2575 Romae

133 2615 247 2680 tuerint
265 2615 502 2680 Alexandrinae
529 2613 600 2678 illae
626 2613 757 2678 deliciae
784 2616 816 2676 et
837 2632 936 2694 quam
966 2612 1053 2677 clara
1075 2612 1107 2676 in
1136 2612 1173 2677 iis
1194 2613 1307 2677 habita
1331 2614 1372 2678 sit
1393 2617 1548 2679 sermonis
1569 2615 1696 2681 licenda
1720 2617 1771 2697 (cf.

134 2741 165 2805 p.
193 2721 313 2804 XXXI).
364 2721 393 2785 A
424 2721 540 2802 quibus
563 2719 681 2784 deliciis
715 2719 822 2800 »pueri
848 2718 1046 2782 conlusores«
1078 2720 1228 2784 nlmirum
1259 2721 1496 2802 quadamtenus
1529 2728 1604 2787 sunt
1641 2723 1773 2801 dlversi3

132 2827 228 2893 etiam
251 2827 309 2893 hos
333 2832 419 2892 certa
445 2827 674 2891 consuetudIne
696 2825 818 2908 ahquid
838 2825 974 2890 valuisse
995 2825 1026 2889 in
1050 2826 1239 2891 educatione
1260 2827 1430 2892 infantium
1453 2829 1537 2893 idem
1559 2827 1773 2906 Qubrtilianus

130 2935 237 3019 prodit
257 2936 270 3000 I
294 2937 321 3014 1,
338 2937 373 3012 7,
408 2935 462 2998 ubi
495 2934 675 3016 postulatur
696 2954 737 2998 ne
756 2935 887 2998 vitiosus
910 2952 1021 2997 eorum
1044 2953 1148 2997 sermo
1167 2933 1207 2996 sit
1235 2937 1268 2997 et
1287 2938 1324 2998 ut
1344 2940 1430 2999 recte
1453 2935 1565 3000 Latine
1587 2936 1773 3018 loquantum

128 3043 199 3126 pari
226 3046 335 3107 autem
368 3043 437 3106 loco
463 3061 535 3106 cum
565 3041 689 3105 nutrice
719 3040 896 3113 habentur:
933 3059 1009 3121 ergo
1035 3059 1076 3104 ne
1100 3040 1161 3122 ipsi
1189 3040 1320 3122 quidem
1349 3041 1559 3123 ingenuorum
1588 3042 1643 3106 lilii
1672 3050 1773 3109 erant.

128 3149 223 3214 Tales
243 3149 287 3213 illi
309 3148 491 3213 conlusores
505 3151 580 3212 sunt
593 3147 749 3212 Caracalli
767 3147 807 3211 de
828 3147 945 3228 quibus
964 3146 1101 3211 diximus
1123 3147 1154 3209 in
1173 3166 1204 3227 p.
1218 3147 1291 3211 XXI
1312 3151 1343 3211 et
1364 3148 1504 3212 XXXVI.

225 3255 320 3320 Unde
341 3257 383 3320 ad
404 3255 465 3319 Nili
488 3259 628 3319 statuam
646 3273 754 3318 rursus
770 3254 911 3328 delerem
933 3272 1049 3334 pueros
1071 3253 1113 3315 ibi
1133 3252 1189 3334 qui
1201 3251 1324 3333 ,πήχεις
1338 3253 1541 3335 appellantur
1558 3254 1775 3337 Aegyptiacos

128 3383 196 3428 esse
211 3382 268 3444 per
279 3381 313 3426 se
328 3366 417 3443 patet
425 3362 475 3441 (cl.
487 3382 516 3443 p.
528 3360 661 3439 XXXl);
684 3361 912 3443 loquacitatem
930 3360 1107 3441 exprimere
1127 3379 1192 3423 non
1211 3360 1315 3441 potuit
1331 3360 1461 3442 quidem
1477 3360 1634 3442 sculptor;
1657 3363 1774 3427 nihilo·

129 3469 235 3533 minus
250 3468 461 3533 Philostratus
483 3469 515 3531 in
530 3467 742 3548 descriptione
757 3467 867 3547 (Imag.
885 3466 924 3545 V)
946 3485 1010 3529 non
1029 3466 1146 3529 omIttit
1160 3466 1257 3530 etiarn
1278 3466 1340 3530 hoc
1357 3486 1555 3548 supponere:
1580 3469 1775 3547 προςάγεται

129 3566 187 3639 mir
216 3576 270 3637 καὶ
293 3567 361 3636 oior
392 3576 517 3654 ἔρχεται
539 3573 627 3654 αὐτῷ
651 3575 705 3654 (se.
727 3577 772 3654 τῷ
796 3572 913 3654 Νείλῳ)
947 3573 981 3634 ἐκ
1005 3575 1064 3634 coi
1093 3568 1209 3645 ὕδατος
1236 3577 1341 3655 βρέᾳη
1371 3573 1488 3636 ἁπαλοὶ
1510 3574 1564 3636 καὶ
1586 3575 1774 3652 μειδιῶντα,

130 3692 277 3763 μετέχειν
298 3683 335 3744 δὲ
354 3674 450 3760 οἶμαί
475 3705 505 3744 τι.
535 3681 620 3743 αὐτα*
644 3681 778 3742 καὶτοῦ
808 3679 923 3743 idion:
954 3679 1119 3760 propriam
1148 3698 1221 3744 ecce
1249 3680 1477 3762 loquacitatem
1498 3700 1682 3763 expressam
1703 3703 1774 3764 per·

129 3790 246 3853 sentire
267 3790 325 3852 sibi
347 3790 433 3853 visus
453 3792 500 3853 est
520 3788 679 3870 sophista!
1828 3868 1833 3876 Ι

227 3896 334 3977 Atque
361 3895 412 3958 hic
435 3895 512 3959 dum
529 3893 626 3957 finem
647 3893 752 3956 tacere
773 3891 878 3955 libello
901 3890 1149 3972 coronidemque
1177 3891 1368 3973 suppingere
1390 3892 1542 3970 decerne,
1573 3913 1684 3958 rursus
1702 3915 1776 3959 ecce

135 4004 167 4067 in
192 4003 371 4067 chartulam
391 4002 515 4084 Cupido
536 4001 732 4065 minusculus
753 3999 846 4063 nobis
859 3999 995 4074 Involat3
1019 3998 1073 4062 ubi
1088 3998 1172 4061 enirn
1188 3998 1228 4061 de
1241 3998 1368 4079 linguae
1383 4000 1591 4080 protervitate
1604 4000 1776 4082 pusionum

131 4111 251 4192 agitur,
281 4130 372 4174 suam
395 4129 462 4172 rem
486 4108 538 4190 agi
568 4111 661 4190 putat
682 4107 800 4188 etipse
822 4110 970 4188 proterve
991 4105 1083 4187 quasi
1105 4105 1224 4168 clamat
1245 4109 1342 4187 atque
1372 4105 1566 4169 vociferatur
1586 4106 1676 4169 netas
1698 4107 1775 4183 tore,

130 4218 190 4282 nisi
214 4217 409 4299 respiciatur.
453 4217 492 4280 Et
522 4216 628 4297 agitur
657 4233 734 4278 sane
764 4212 825 4276 hoc
848 4212 918 4276 loco
939 4213 1069 4276 Amoris
1095 4231 1192 4275 causa
1214 4231 1319 4293 neque
1347 4211 1481 4276 decebat
1503 4212 1677 4294 praeterire
1699 4214 1776 4278 deos

131 4324 277 4388 infantes.
321 4324 404 4401 Quin
426 4323 524 4386 immo
546 4322 633 4404 quod
655 4325 751 4385 antea
774 4319 814 4384 de
835 4318 1021 4384 delictorum
1041 4318 1225 4382 mortalium
1248 4322 1280 4382 et
1300 4318 1530 4383 immortalium
1549 4319 1776 4384 communione

132 4434 164 4495 et
185 4430 462 4510 consanguinitate
482 4429 704 4494 contendimus
723 4430 755 4491 et
775 4425 920 4509 plurimis
940 4425 1138 4506 argumentis
1160 4425 1369 4502 munIvimus,
1402 4425 1446 4488 sic
1467 4426 1596 4489 tandem
1628 4427 1776 4490 omnibus

132 4536 261 4601 calculis
289 4537 535 4619 comprobatum
563 4535 631 4599 erit.
681 4534 804 4616 Nempe
835 4531 932 4595 etiam
953 4532 1055 4595 Amor
1084 4529 1218 4592 παιδίον
1247 4534 1295 4595 est
1325 4529 1490 4618 ψιθυρόνς
1520 4531 1616 4595 etiarn
1647 4530 1776 4596 Veneris

132 4643 246 4707 filiolus
268 4643 406 4707 indolem
431 4642 527 4706 habet
549 4641 672 4722 pueruli
696 4638 912 4704 Alexandrini.
1030 4701 1033 4709 ,

236 4860 261 4926 I)
281 4856 317 4911 cf.
334 4856 368 4911 de
384 4853 531 4925 garriendo
549 4852 635 4907 etiarn
655 4851 724 4906 Stat
744 4850 809 4905 Silv.
829 4849 856 4903 lI
876 4850 955 4915 1,47;
975 4850 1022 4914 563
1040 4848 1082 4903 62.
