4792 6120
1152 396 1251 460 XVIII

381 588 560 671 comparati
581 589 669 670 apud
683 590 889 655 Theocritum
902 591 959 656 XV
977 592 1035 657 120
1054 597 1086 657 et
1108 593 1196 674 apud
1219 591 1356 656 eundem
1372 591 1499 656 VII177
1520 592 1697 676 praedicati
1717 592 1870 673 ιιάλοισιν
1893 594 2034 674 ἔρευθο-

380 702 525 775 μένοισιν
552 694 658 774 ὁμοῖοι
685 696 736 778 (cs.
765 698 858 762 Plato
886 718 913 763 c.
935 699 1022 775 322
1049 699 1191 781 Bergk.);
1223 700 1295 764 talis
1314 698 1438 780 Cupido
1460 698 1638 782 descriptus
1659 704 1708 763 est
1729 700 1799 764 loco
1818 700 2035 768 celeberrimo

380 802 539 883 Apollonii
550 802 658 867 Rhodi
672 803 711 867 lIl
725 805 895 870 ltu-160.
938 805 1021 870 Hinc
1039 826 1163 886 parvus
1184 807 1285 870 Ανιοτ
1301 826 1367 870 non
1389 805 1605 887 infrequenter
1627 807 1660 871 in
1683 808 1879 873 carminibus
1902 809 2035 875 obvius

482 927 627 993 Alterum
647 948 817 993 commune
834 930 1005 1011 pusionum
1022 935 1054 995 et
1065 930 1259 1012 Cupidinum
1274 931 1337 995 hoc
1354 935 1411 1008 est,
1433 930 1521 1012 quod
1544 934 1600 995 aut
1620 931 1810 1014 plerumque
1834 935 1893 996 aut
1916 951 2038 1015 saepe·

380 1052 515 1098 numero
536 1035 692 1116 gregatim
712 1036 924 1101 habebantur.
966 1037 1200 1120 Praeplacehat
1220 1038 1306 1103 enim
1335 1038 1367 1101 in
1389 1037 1530 1119 parvulis
1553 1037 1733 1102 multitudo.
1777 1038 1816 1102 nt
1838 1037 1872 1102 id
1894 1058 2040 1123 quoque

379 1139 412 1203 in
434 1139 628 1224 Cupidinum
649 1143 826 1208 simulacris
849 1165 947 1226 quam
968 1146 1068 1226 spisse
1089 1146 1284 1222 observetur,
1307 1164 1372 1209 non
1398 1149 1446 1208 est
1469 1145 1555 1226 quod
1577 1144 1777 1210 documentis
1798 1146 1972 1223 muniam3
1998 1168 2041 1213 ex

381 1247 492 1311 litteris
515 1267 615 1312 unum
637 1248 741 1314 locum
762 1250 871 1315 Bionis
900 1251 1094 1333 decerpsisse
1115 1251 1253 1316 sulliciat
1282 1252 1337 1333 qui
1359 1251 1459 1315 estin
1487 1250 1644 1315 Adonidis
1667 1251 1830 1333 epitaphio
1848 1254 1940 1318 v.80
1951 1274 2042 1338 sqq,

382 1353 438 1417 ubi
459 1358 582 1436 septem
605 1357 865 1438 numerantur¹):

818 1482 891 1559 α’μιρὶ
909 1487 941 1540 δέ
957 1507 1008 1559 μιν
1029 1488 1173 1546 κλαίοντες
1192 1482 1428 1557 ἀναστενάχουσιν
1442 1484 1560 1559 Ἔρωτες

818 1570 983 1645 κειριίμενοι
1000 1576 1099 1644 χαίτας
1119 1568 1161 1626 ἐπ’
1179 1569 1302 1625 Ἀδώνιδι·
1319 1566 1359 1643 χαλ
1376 1571 1431 1643 μὲν
1449 1569 1553 1633 ὄιστιίς,

817 1654 848 1718 ii,-
857 1654 886 1711 δ’
895 1656 940 1712 ἐπὶ
952 1656 1030 1717 τόξον
1041 1654 1135 1727 ἔβαιν’,
1154 1654 1185 1718 ὅς
1194 1654 1222 1710 δ’
1232 1657 1368 1730 εὔπτερον
1379 1646 1432 1727 ιῖγε
1443 1659 1593 1732 φαρέτραν,

814 1741 853 1817 χοῖ
870 1744 925 1817 μὲν
943 1745 1022 1799 ἔλυσε
1040 1744 1153 1798 πέδιλον
1172 1741 1315 1810 Ἀδώνιδος,
1335 1741 1366 1804 iic
1385 1743 1414 1796 δὲ
1432 1744 1524 1816 λέβητι

813 1835 932 1904 χρυσείῳ
950 1829 1086 1903 ἐφόρησεν
1104 1826 1182 1904 ὕδωρ,
1202 1825 1216 1883 ὅ
1236 1830 1266 1883 δὲ
1283 1826 1376 1903 μηρὸν
1395 1829 1500 1893 ἔλουεν,

816 1916 846 1977 ὃς
864 1915 892 1970 δ’
910 1918 1015 1971 ὄπιθεν
1033 1914 1219 1989 πτερύγεσσιν
1237 1913 1379 1988 ιῖνέυιυχεν
1399 1913 1446 1970 τὸν
1459 1916 1577 1971 Ἄδωνιν.

378 2032 426 2096 lta
455 2033 600 2096 Amores.
647 2030 801 2112 Congruit
828 2050 904 2095 vero
931 2030 1019 2112 quod
1053 2030 1149 2094 etiarn
1181 2029 1273 2111 pueri
1304 2029 1418 2094 minuti
1446 2030 1479 2094 in
1513 2030 1662 2095 domibus
1694 2031 1829 2095 divitum
1865 2037 2043 2116 gregatim

377 2139 546 2214 ludebant3
570 2137 692 2221 πλήθει
711 2135 899 2215 euriporum,
922 2144 1095 2218 τρέφουσιν
1118 2133 1153 2197 αἱ
1173 2141 1318 2215 γυναῖκες
1335 2135 1411 2201 dicit
1425 2136 1553 2200 Cassius
1569 2138 1627 2201 Dio
1638 2138 1828 2215 thllltd3
1853 2141 2039 2206 »turbam«

378 2266 489 2310 eorum
511 2246 544 2309 in
573 2246 695 2309 harena
722 2245 810 2327 apud
831 2244 1008 2308 Martialem
1035 2242 1169 2307 vidimus
1191 2243 1216 2306 ll
1238 2244 1324 2319 75,5
1347 2241 1398 2317 (cf.
1421 2263 1453 2324 p.
1476 2243 1561 2324 Xll);
1591 2264 1664 2308 cum
1692 2246 1837 2327 pluribus
1866 2267 1935 2312 una
1960 2269 2039 2315 rem

377 2352 475 2416 habet
497 2352 693 2416 Octavianus
715 2351 813 2432 (Suet.
841 2371 867 2415 c.
888 2351 958 2429 83),
989 2371 1062 2415 cum
1090 2350 1235 2432 pluribus
1261 2349 1358 2414 etiam
1387 2349 1533 2413 Tiberius
1565 2350 1706 2432 (Sueton.
1736 2372 1763 2416 c.
1791 2354 1859 2432 I-I);
1890 2356 2039 2438 pueruli

376 2462 555 2524 conlusores
572 2459 767 2523 inducuntur
787 2458 874 2540 apud
896 2458 1103 2540 Spartianum
1125 2458 1156 2521 in
1178 2458 1295 2521 Severo
1318 2476 1344 2520 c.
1365 2457 1396 2534 l,
1414 2457 1451 2532 63
1474 2462 1645 2540 propterea
1666 2459 1829 2524 collecttve
1851 2466 1894 2523 τοὶ
1915 2464 2035 2543 γυμνά

378 2565 522 2642 audiunt,
545 2565 587 2628 τοὶ
612 2565 743 2651 ψιθνρά
767 2566 852 2645 (vide
875 2566 961 2629 locos
983 2566 1065 2628 inira
1086 2564 1260 2646 allegatos).

482 2674 548 2736 lam
571 2693 647 2736 vero
677 2673 806 2737 tertium
837 2678 867 2736 et
889 2673 1112 2754 gravissimum
1135 2673 1204 2753 ipsa
1232 2671 1399 2736 nuditas
1421 2672 1520 2736 estin
1545 2691 1610 2753 quo
1641 2672 1765 2753 pueruli
1787 2672 1830 2736 illi
1851 2677 1883 2737 et
1904 2674 1974 2738 vivi
1999 2681 2034 2742 et

376 2784 445 2844 arte
474 2779 539 2844 ficti
568 2780 814 2862 participabant.
867 2781 906 2845 Et
935 2780 968 2843 in
998 2780 1214 2844 monumentis
1242 2780 1284 2857 de
1306 2778 1517 2860 Cupidinibus
1545 2778 1606 2842 hoc
1636 2779 1742 2843 valere
1770 2779 1796 2843 si
1817 2800 2030 2863 exponerem,

376 2888 497 2969 lignum
527 2907 586 2969 ego
615 2888 647 2951 in
674 2887 788 2951 silvam
808 2889 933 2952 ferrem.
976 2888 1027 2951 Sic
1056 2887 1208 2950 nimirum
1233 2886 1330 2950 etiarn
1358 2887 1464 2949 nudus
1490 2891 1590 2949 Auror
1619 2886 1768 2950 scribitur
1793 2887 1881 2968 apud
1909 2896 2030 2970 poetas

377 2994 533 3076 (Propert.
554 2994 683 3057 monob.
707 2994 736 3071 λ,
756 2995 792 3068 8;
813 2993 904 3057 Ovid.
927 2994 1000 3057 Am.
1022 2994 1034 3057 l
1060 2995 1107 3070 10,
1120 2994 1153 3067 53
1175 2994 1303 3057 Metam.
1327 2993 1356 3056 X
1377 2992 1468 3073 516);
1498 2993 1616 3071 γυμνός
1636 3012 1662 3056 e.
1684 3013 1713 3074 g.
1744 2994 1832 3075 apud
1853 2994 2029 3063 Moschum

375 3102 408 3165 in
429 3101 548 3165 Amore
570 3101 702 3183 fugitivo
722 3121 752 3164 τ.
777 3101 831 3178 15,
860 3100 948 3182 apud
968 3099 1119 3164 Nonnum
1149 3100 1238 3163 Dion.
1262 3101 1290 3176 7,
1306 3100 1383 3175 a75;
1413 3100 1558 3177 48,107;
1589 3100 1668 3164 ulios
1677 3100 1712 3181 ²).
1751 3101 1882 3165 Maximi
1910 3108 2027 3170 autem

375 3208 528 3272 momenti
548 3208 702 3290 estquod
724 3207 935 3272 demonstrari
957 3212 1062 3290 potest
1082 3227 1198 3289 pueros
1211 3207 1351 3271 minutos
1364 3227 1445 3289 quos
1467 3206 1595 3289 proprie
1615 3227 1766 3272 vocamus
1784 3209 1870 3290 ipsos
1890 3230 2025 3293 quoque

375 3318 406 3378 et
427 3333 552 3395 semper
572 3315 718 3396 quidem,
747 3318 782 3378 ut
803 3314 943 3390 videtur,
972 3315 1135 3378 incessisse
1155 3314 1268 3378 nudos.
1311 3313 1385 3377 Eius
1414 3314 1458 3377 rei
1482 3334 1681 3396 quamquam
1705 3315 1807 3379 multa
1837 3318 2026 3385 testimonia

373 3425 502 3502 praesto
523 3440 588 3484 non
609 3425 696 3499 sunt,
724 3425 833 3486 tamen
855 3421 900 3484 ita
921 3424 996 3485 sunt
1017 3426 1205 3503 comparata
1227 3426 1263 3485 ut
1280 3440 1339 3502 pro
1361 3420 1506 3501 plurimis
1527 3420 1639 3485 haberi
1661 3421 1792 3502 possint.

471 3527 523 3591 Sic
558 3527 653 3608 plane
689 3528 815 3610 scripsit
839 3526 1041 3590 Herodianus
1072 3527 1104 3590 in
1133 3528 1198 3591 vita
1227 3526 1396 3591 Commodi
1425 3528 1437 3590 l
1469 3528 1515 3603 17,
1533 3531 1567 3593 3:
1606 3517 1646 3614 ἦν
1683 3527 1720 3589 δὲ
1757 3528 1811 3590 καὶ
1847 3528 2027 3592 παιδίον

373 3638 482 3695 πάνυ
504 3629 653 3718 νήπιοι·
672 3632 797 3697 τούτων
816 3633 857 3714 δή
877 3637 954 3695 τῶν
975 3637 1134 3712 γυμνῶν
1151 3638 1224 3713 μὲν
1246 3635 1443 3715 ἐσθῆτος,
1472 3639 1583 3714 χρυσῷ
1604 3635 1641 3696 δὲ
1662 3635 1715 3697 καὶ
1737 3634 1843 3708 λίθοις
1864 3655 2026 3720 xenodun-

372 3747 496 3820 μένων,
528 3732 573 3813 οἷς
595 3740 647 3803 αἰὶ
670 3745 821 3821 χαίρουσι
841 3740 1004 3820 Ῥωμαίων
1027 3738 1057 3803 οἱ
1077 3745 1269 3822 τρυφῶντες.
1313 3740 1408 3805 Vides
1429 3761 1602 3823 puerorum
1625 3742 1719 3805 simul
1742 3746 1773 3805 et
1796 3762 1967 3807 numerum
1989 3749 2026 3810 et

375 3847 594 3912 nudationem.

471 3954 559 4019 Idem
581 3954 677 4018 etiam
699 3953 840 4017 efficiunt
861 3953 961 4017 verba
983 3952 1132 4017 breviora
1151 3953 1268 4035 quibus
1279 3952 1406 4018 Cassius
1424 3955 1483 4019 Dio
1493 3954 1601 4019 LXVII
1616 3955 1654 4018 15
1674 3954 1707 4018 in
1730 3960 1834 4019 morte
1846 3955 2024 4025 Domitiani

369 4083 446 4128 usus
468 4068 530 4128 est:
562 4060 697 4123 παιδίον
714 4083 745 4122 τι
766 4063 832 4120 τῶν
852 4065 979 4137 γυμνῶν
999 4064 1063 4120 τῶν
1087 4064 1256 4145 ψιδορών;
1287 4062 1518 4143 ponderandus
1545 4066 1592 4125 est
1622 4061 1732 4144 utiquo
1758 4062 1911 4126 articulus
1933 4067 2023 4149 rur,-

371 4169 533 4250 intelleges
560 4172 680 4233 certam
705 4166 797 4250 quasi
819 4166 952 4231 classem
975 4167 1041 4231 sive
1059 4167 1198 4248 speciem
1220 4168 1316 4232 luisse
1339 4169 1520 4245 infantium,
1543 4168 1597 4250 qui
1621 4169 1819 4233 vocabantur
1840 4170 1882 4231 ια’
1901 4186 2021 4254 γυμνά·

468 4276 662 4357 Explicatius
691 4274 818 4339 Cassius
851 4274 909 4338 Dio
940 4274 981 4337 de
1010 4294 1046 4338 re
1081 4274 1194 4339 eadem
1224 4276 1355 4340 feliciter
1388 4276 1468 4340 dixit
1498 4275 1540 4340 ad
1572 4295 1694 4339 annum
1728 4277 1767 4340 38
1800 4296 1829 4339 a.
1863 4275 1938 4339 Chr.
1976 4297 2020 4355 n.,

368 4381 493 4447 XLVIII
506 4382 556 4460 td,
578 4381 633 4445 ubi
654 4381 736 4445 haec
750 4382 840 4445 sunt:
864 4380 1037 4443 παιδίον·
1057 4384 1167 4442 τιτῶν
1186 4386 1339 4467 thidrode
1361 4373 1430 4445 οἷα
1451 4380 1486 4443 ai
1505 4385 1651 4461 γυναῖκες
1670 4382 1802 4463 γυμνοὶ
1827 4381 1868 4455 ὠς
1892 4377 2022 4466 πλήθει

470 4620 496 4690 1)
515 4618 568 4674 Sex
585 4621 766 4674 narrarentur
781 4615 811 4671 in
830 4616 938 4685 pictura
955 4616 1005 4672 illa
1021 4617 1119 4671 mortis
1136 4617 1278 4682 Adonidis,
1297 4619 1385 4673 Raonl
1404 4618 1489 4672 Roch.
1507 4619 1586 4674 choix
1604 4620 1662 4675 tab.
1681 4622 1704 4674 9.

472 4709 500 4776 2)
520 4706 601 4776 Apud
620 4705 756 4761 Catullum
782 4704 918 4758 683134
947 4703 1085 4758 inducitur
1110 4705 1194 4758 Amor
1217 4721 1311 4759 croceo
1336 4703 1471 4759 candidus
1503 4708 1532 4760 ιἰτ
1557 4708 1667 4775 tunicu;
1692 4706 1709 4761 i.
1728 4723 1751 4761 e.
1778 4709 1837 4760 tam
1861 4707 1953 4761 soluta
1975 4713 2020 4765 est

368 4791 505 4856 tunicula,
531 4795 563 4847 ut
586 4791 688 4847 candor
711 4789 831 4861 corporis
857 4791 1018 4861 pelluceret;
1043 4789 1078 4845 ct.
1102 4789 1218 4859 Vergilii
1244 4792 1311 4845 Aen.
1331 4790 1421 4845 1711.
1462 4791 1507 4846 Ita
1529 4792 1658 4847 nimirum
1683 4792 1767 4848 etiam
1793 4793 1908 4849 Amores
1937 4811 2023 4865 saepo

369 4879 543 4949 chlamydem
560 4878 666 4934 habent
683 4878 768 4934 libere
786 4877 924 4941 liuentem,
943 4877 978 4932 cf.
998 4893 1022 4931 e.
1040 4894 1068 4946 g.
1085 4876 1205 4946 Helbigii
1223 4876 1441 4947 wandgemnlde
1457 4897 1484 4933 n.
1505 4879 1556 4934 632
1570 4896 1629 4948 sqq.
