4792 6120
1134 465 1250 531 XXXII

368 664 480 745 ginum
502 663 698 727 mentionem
721 662 851 726 iniceret
869 661 972 742 gratia
995 662 1102 744 lepore
1121 662 1281 726 hilaritate
1296 662 1541 741 abundantium,
1564 683 1647 746 quae
1668 663 1710 727 ad
1732 663 1962 728 tractationem
1985 666 2021 728 et

371 772 481 838 doctos
506 771 652 835 homines
682 774 713 834 et
743 775 854 852 poetas
885 768 1082 833 allicuerunt.
1126 769 1245 832 Earum
1276 773 1500 850 argumentum
1530 770 1727 834 celebratum
1748 769 1878 852 quidem
1903 774 1953 836 cst
1984 769 2020 834 in

370 878 512 943 carmine
548 875 809 959 experientissimi
846 874 1035 939 nostratium
1066 879 1238 957 poctarum
1265 875 1325 939 suh
1354 875 1474 939 indice:
1517 875 1613 940 ›Wer
1645 876 1736 941 kault
1763 875 2020 958 Liehesgdttert.

368 986 526 1066 Imagines
547 985 635 1067 ipsae
660 982 771 1065 inspici
802 986 934 1063 possunt
963 981 1051 1064 apud
1079 981 1177 1045 Mittin
1203 982 1222 1046 l.
1253 981 1272 1046 l.
1301 985 1323 1045 t.
1345 983 1386 1046 ts
1414 1002 1445 1046 n.
1473 983 1564 1060 193*,
1597 983 1771 1064 Guigniaut
1796 983 1816 1046 l,
1839 982 1858 1048 i.
1889 1002 1922 1047 n.
1941 983 2020 1060 404,

368 1091 458 1156 Zahn
490 1091 687 1156 Omamente
708 1091 734 1154 ll
765 1092 819 1166 18,
849 1089 1048 1154 Baumcister
1068 1109 1099 1153 n.
1122 1090 1197 1166 5453
1236 1089 1370 1154 easdem
1400 1090 1563 1155 enarravit
1590 1089 1705 1171 Helhig
1734 1110 1766 1154 n.
1789 1090 1852 1154 824
1880 1093 1913 1154 et
1941 1089 2021 1154 825.

367 1200 402 1263 ln
423 1200 461 1264 iis
484 1201 619 1263 Amores
640 1197 784 1261 volucres
813 1196 993 1278 complures
1022 1196 1122 1261 nimia
1152 1197 1282 1280 quidem
1305 1197 1440 1262 minutia
1464 1198 1604 1280 insignes
1634 1197 1667 1261 in
1696 1216 1796 1262 cavea
1823 1216 1890 1262 una
1912 1216 2024 1262 asser·

370 1312 487 1371 vantur
509 1310 540 1370 et
568 1324 685 1368 venum
716 1307 805 1378 eunt;
836 1302 946 1367 vendit
973 1323 1049 1368 vero
1077 1303 1173 1368 modo
1207 1303 1410 1382 muliercula,
1439 1304 1537 1369 modo
1565 1324 1662 1368 senex
1689 1304 1804 1369 habitu
1832 1302 2022 1386 operarium

372 1417 483 1478 emunt
506 1413 570 1476 iere
593 1411 754 1487 mulieres,
784 1429 848 1474 non
871 1410 930 1474 viri
943 1409 975 1491 ¹).

466 1519 569 1583 Huius
596 1517 812 1594 intricatioris,
842 1520 878 1581 ut
900 1516 1086 1594 videbatur,
1117 1517 1298 1598 argumenti
1320 1517 1477 1582 rationem
1505 1521 1540 1582 ut
1569 1518 1775 1596 extricemus,
1805 1517 1869 1582 iam
1901 1536 1944 1580 ne
1977 1517 2024 1582 ad

369 1628 473 1692 aliena
495 1625 612 1690 auxilia
633 1644 822 1706 evagemur,
854 1624 1014 1688 dehortor.
1059 1624 1150 1688 Vitae
1171 1624 1367 1688 cottidianae
1391 1624 1601 1689 imitationem
1624 1624 1695 1689 lusu
1717 1625 1895 1708 exprimere
1912 1623 2025 1689 solent

370 1737 519 1810 Amores3
542 1733 635 1797 derne
655 1732 738 1795 alas:
760 1731 861 1795 hahes
878 1731 1048 1813 pusionum
1069 1734 1247 1795 mercatum
1263 1730 1516 1795 Alexandrinum
1538 1730 1626 1795 illum
1648 1730 1688 1795 de
1710 1730 1893 1813 quomodo
1916 1729 2025 1794 verba

371 1842 511 1906 lecimus
555 1841 594 1904 Et
612 1859 718 1904 emere
732 1839 870 1902 vidimus
885 1839 1049 1903 mulieres:
1071 1858 1187 1921 nempe
1203 1846 1374 1919 τρέοοονιο
1388 1837 1424 1898 al
1444 1841 1598 1917 γιοαῑκες,
1620 1842 1656 1902 ut
1674 1841 1809 1902 testatus
1827 1835 2026 1901 estCassius

368 1950 437 2014 Dio.
487 1948 581 2026 Quod
609 1949 716 2010 autern
742 1945 773 2009 in
801 1965 900 2009 cavea
935 1950 1025 2023 sunt,
1062 1944 1095 2008 id
1124 1965 1164 2009 cx
1192 1944 1302 2008 avium
1329 1944 1506 2009 volatilium
1533 1944 1739 2009 similitudine
1769 1948 1855 2009 recte
1883 1942 2025 2026 quidem

369 2056 515 2140 repetivit
542 2054 672 2119 Iahnius
682 2052 716 2133 ²).
767 2053 900 2117 Constat
930 2056 1039 2117 autem
1059 2051 1152 2115 simul
1173 2051 1270 2116 etiam
1291 2051 1331 2115 de
1353 2051 1463 2128 nanis,
1493 2051 1525 2115 in
1550 2051 1696 2115 ›loculis‹
1721 2071 1775 2116 eos
1795 2050 2026 2116 crudelissima

369 2164 492 2228 ratione
523 2161 661 2227 coerceri
691 2165 723 2224 ct
756 2159 955 2224 ›adservari‹
992 2159 1100 2223 solitos
1135 2158 1247 2239 esse⁸).
1303 2157 1411 2222 Potuit
1441 2157 1475 2221 id
1505 2158 1649 2222 obtinere
1682 2158 1779 2222 etiarn
1811 2157 1844 2222 in
1877 2160 2028 2240 quaestu

471 2290 552 2335 rum.

370 2291 577 2458 puemstaque
598 2380 662 2441 tres
683 2395 733 2439 res
754 2373 883 2438 fuerunt
904 2393 988 2454 quae
1009 2374 1052 2437 ad
1074 2373 1339 2454 excogitationem
1359 2373 1475 2438 harum
1497 2375 1681 2440 tabularum
1700 2375 1968 2440 contribuerunt:
1993 2378 2030 2441 et

369 2486 437 2569 ipse
457 2503 630 2569 puerorum
651 2485 812 2547 mercatus
828 2481 1043 2546 Alexandriae
1060 2481 1229 2557 sollemnis,
1252 2485 1284 2546 et
1304 2482 1413 2546 avium
1434 2480 1617 2560 similitudo,
1642 2486 1674 2546 ct
1693 2480 1780 2558 illud,
1803 2480 1895 2563 quod
1917 2481 2026 2546 etiam

370 2593 481 2659 fictiles
503 2591 631 2656 Amoris
660 2589 780 2670 figuras
806 2587 943 2669 operarii
972 2606 1089 2651 venum
1113 2588 1190 2652 dare
1211 2593 1420 2663 consuerunt3
1452 2588 1525 2652 talis
1544 2588 1646 2653 Amor
1671 2607 1781 2653 cereus
1802 2586 1912 2653 fictilis
1931 2588 2030 2653 venit

369 2701 402 2765 in
421 2701 644 2765 Anacreonteo
665 2696 807 2760 carmine
831 2696 884 2759 10:
906 2689 1032 2773 Ἔρωτα
1054 2692 1184 2778 κήρινον
1201 2717 1247 2767 τις
1270 2699 1393 2776 νεηνίης
1416 2692 1544 2758 ἐπώλει.

473 2806 641 2870 Abstinere
661 2807 769 2868 autem
796 2822 861 2866 non
882 2821 1013 2884 possum
1038 2802 1115 2883 quin
1137 2802 1286 2884 Meleagri
1316 2802 1466 2867 carminis
1496 2803 1536 2867 de
1560 2801 1687 2866 Amoris
1713 2804 1859 2866 mercatu
1890 2803 2025 2884 partem

370 2913 652 2980 luculentissimam
673 2910 736 2974 huc
759 2909 966 2986 transferam,
994 2910 1082 2990 quod
1103 2914 1190 2974 extat
1211 2909 1341 2974 Anthol.
1363 2910 1430 2974 Pal.
1454 2910 1480 2973 V
1505 2911 1578 2974 178:

743 3040 896 3103 πωλείσθω,
916 3039 963 3091 καὶ
980 3035 1085 3111 ματρὸς
1104 3035 1143 3093 ἔτ’
1161 3038 1192 3093 ἑν
1211 3038 1336 3094 κόλποισι
1354 3038 1509 3105 καθεύδων,

841 3126 994 3178 aalaidis).
1023 3129 1048 3179 τί
1066 3126 1097 3180 δέ
1113 3147 1162 3196 μοι
1182 3123 1211 3180 τὸ
1232 3124 1321 3199 θρασὺ
1342 3128 1422 3181 τοῦτο
1441 3127 1570 3200 τρέφοιν;

709 3212 725 3266 3
744 3214 790 3265 καὶ
806 3208 861 3286 γὰρ
880 3208 964 3284 σιμὸν
982 3213 1035 3282 ἔφυ
1053 3216 1100 3267 καὶ
1120 3212 1276 3287 ὑπόπτερον

708 3299 723 3352 i
741 3295 834 3352 πάντα
855 3298 942 3372 τέρας.
963 3296 1065 3373 τοιγὰρ
1083 3299 1264 3373 πεπράσεται·
1284 3303 1382 3362 εἴτις
1400 3297 1571 3363 ἀπόπλους

803 3385 956 3458 ἔμπορος
975 3382 1138 3440 ὠνεῖσθαι
1157 3387 1257 3440 παῖδα
1277 3387 1388 3451 θέλοι,
1411 3392 1562 3461 reposito.

742 3474 833 3524 καίτοι
852 3467 959 3537 λίσσετ’,
978 3469 1046 3537 ἰδού,
1064 3472 1276 3546 δεδακρυμένος.
1305 3471 1337 3527 οὔ
1356 3469 1380 3527 σ’
1399 3473 1440 3528 ἔτι
1461 3474 1547 3539 πωλῶ,

847 3555 957 3631 θάρσει·
976 3559 1119 3629 Ζηνοφίλᾳ
1137 3557 1290 3633 σύντροφος
1308 3547 1360 3614 ὧδε
1378 3560 1456 3632 μένε.

473 3769 497 3837 l)
524 3765 714 3837 Seponendam
736 3783 801 3821 vero
829 3784 885 3821 esse
910 3785 1004 3823 censeo
1026 3768 1164 3838 picturam
1188 3771 1354 3825 vssculsrem
1378 3770 1544 3825 delineatam
1568 3769 1641 3840 apud
1663 3770 1694 3826 Ο.
1712 3769 1794 3835 Jahn,
1822 3767 1908 3824 Arch.
1934 3768 2029 3824 sein.

371 3853 410 3909 tb.
426 3855 456 3914 72
483 3854 512 3908 in
535 3871 591 3923 qua
614 3853 719 3908 iuvenis
742 3857 771 3908 et
795 3856 886 3924 puella
909 3855 1039 3910 contrarii
1064 3855 1229 3921 consistunt;
1256 3858 1348 3927 puella
1372 3857 1472 3912 libram
1496 3857 1593 3913 dextra
1623 3859 1712 3919 tenet,
1738 3855 1768 3910 in
1792 3853 1869 3911 cuius
1891 3853 2027 3911 uocibus

371 3940 477 3995 duabus
495 3940 573 4011 pueri
597 3940 665 3995 alati
689 3939 791 4011 singuli
819 3941 922 3996 sedent.
957 3941 1073 3997 Jahnius
1096 3944 1215 4013 puellam
1237 3944 1266 3998 in
1289 3962 1320 3999 eo
1344 3961 1400 3999 csse
1424 3944 1552 3999 credebat
1575 3947 1607 3998 ut
1631 3942 1723 3997 iuveni
1743 3946 1854 3997 Amores
1873 3941 2027 3999 venderet.

370 4026 448 4091 Quod
467 4026 526 4080 fieri
536 4042 592 4079 non
603 4025 708 4096 potuit;
728 4026 789 4095 quis
807 4027 881 4082 enirn
892 4046 1023 4098 nmquam
1033 4028 1075 4084 ica
1092 4046 1209 4084 mercem
1223 4029 1345 4086 vendidit
1363 4034 1395 4084 ut
1411 4031 1442 4085 in
1457 4035 1574 4100 utraque
1585 4032 1663 4085 lance
1678 4032 1800 4101 poneret,
1820 4044 1878 4082 non
1896 4026 1928 4082 in
1942 4028 2027 4084 um?

371 4111 430 4182 Ego
449 4111 522 4165 hunc
539 4110 704 4182 explicatum
722 4113 803 4183 longe
821 4114 962 4185 praefero:
989 4115 1102 4170 Amores
1120 4115 1173 4171 duo
1188 4115 1273 4189 Ἕριος
1289 4120 1354 4172 sunt
1377 4121 1405 4173 et
1422 4112 1557 4190 Marsipum
1583 4133 1681 4186 nempe
1704 4113 1813 4186 pueruli
1836 4130 1894 4168 non
1914 4114 2028 4172 semus

371 4196 489 4253 invicem
505 4201 677 4253 contuentur.
711 4199 764 4254 Eos
782 4199 811 4253 in
829 4200 937 4256 trutina
955 4200 1041 4256 librat
1063 4201 1175 4265 mulien
1193 4202 1349 4273 etquidem
1371 4208 1501 4258 Amorum
1520 4203 1591 4257 alter
1608 4203 1656 4272 qui
1679 4202 1716 4258 ad
1740 4202 1866 4258 iuvenem
1884 4202 2026 4273 petinet,

373 4283 459 4340 levior
481 4288 535 4347 est;
555 4284 633 4349 alter,
651 4284 699 4353 qui
717 4285 824 4357 puellae
842 4287 967 4357 propior,
991 4286 1021 4342 in
1045 4288 1123 4344 lance
1140 4289 1197 4346 alte
1215 4290 1360 4346 descendit
1393 4289 1437 4345 Sic
1453 4289 1609 4360 graviorem
1626 4307 1704 4344 suum
1728 4304 1849 4344 amorem
1865 4302 1926 4343 csse
1953 4286 2027 4344 dum

371 4371 542 4426 demonstrat
558 4369 657 4439 puella,
677 4370 754 4424 oculo
771 4376 845 4427 recto
863 4376 972 4428 austero
990 4374 1080 4428 virum
1099 4376 1195 4446 aspicit
1201 4399 1208 4441 ;
1228 4377 1272 4431 hic
1290 4394 1354 4431 vero
1373 4376 1548 4446 perturbatus
1565 4376 1656 4430 oculos
1674 4372 1802 4430 declinat.

465 4474 493 4529 2l
519 4473 588 4528 Cum
605 4473 725 4528 lusciniis
742 4475 915 4530 Theocritum
934 4476 1080 4548 Cupidines
1099 4480 1262 4535 contendere
1279 4498 1362 4550 supra
1386 4480 1517 4544 vidimus3
1539 4473 1603 4533 ὅσον
1621 4477 1699 4553 ὅρνις
1717 4480 1800 4533 Amor
1822 4476 1927 4533 dicitur
1946 4479 2027 4551 apud

370 4560 511 4615 Moschum
530 4559 547 4611 l.
565 4559 583 4612 l.
603 4559 634 4612 16
641 4581 648 4624 ;
667 4559 734 4614 item
752 4561 825 4631 apud
844 4563 973 4617 Nonnnm
993 4564 1097 4628 3‚120;
1119 4567 1158 4631 10,
1170 4566 1236 4631 256;
1254 4567 1311 4622 alia
1329 4567 1465 4637 congessit
1482 4566 1512 4621 0.
1525 4566 1598 4621 Jahn
1618 4567 1636 4620 l.
1654 4567 1672 4620 l.
1691 4584 1716 4636 p.
1730 4566 1779 4620 211
1793 4583 1853 4635 sqq.
1888 4565 2027 4624 cnorum

370 4646 405 4701 ef.
424 4644 524 4714 Helbig
543 4645 787 4716 Untersuchungen
805 4665 833 4717 p.
852 4647 902 4702 238
921 4653 949 4704 et
968 4651 1027 4705 223.

468 4750 495 4819 3)
514 4748 617 4804 Plinius
634 4749 687 4804 VII
705 4752 755 4806 ih:
776 4753 903 4807 Manium
924 4756 1081 4810 Maximum
1166 4757 1256 4811 tiniam
1276 4758 1426 4812 cubilorum
1441 4758 1531 4825 scrisse
1554 4763 1709 4812 auctorest
1728 4758 1768 4811 M.
1791 4756 1896 4820 Varro,
1915 4763 1945 4812 ct
1964 4759 2029 4829 ipss

370 4835 489 4890 vidimus
508 4838 538 4890 in
555 4835 652 4890 loculis
664 4835 824 4893 asservatos
830 4859 840 4906 ,·
859 4841 894 4894 cf.
907 4841 1140 4912 Pseudo-Longin.
1158 4845 1223 4916 περὶ
1242 4838 1330 4910 ὕψους
1343 4844 1453 4907 0.44,5:
1473 4840 1506 4897 τὰ
1526 4841 1705 4917 γλωττόκομα
1724 4840 1756 4898 ἐν
1776 4836 1818 4905 οἷς
1833 4844 1860 4898 οἱ
1876 4856 2029 4920 πογματοι

372 4918 540 4993 καλούμενοι
560 4919 719 4995 τρέφονται.
