4792 6120
589 1195 925 1297 nonnullum
954 1195 1380 1297 MARPVRGENSIS

308 1393 808 1560 REOTOR
859 1393 1124 1556 CVM
1175 1395 1683 1559 SENATV

631 1623 1004 1698 commutamus
1034 1624 1356 1695 autuonsomo

923 1758 949 1812 S.
978 1757 1008 1813 P.
1034 1758 1067 1812 D.

848 1974 1140 1983 ——————-

268 2132 454 2265 Disputare
467 2180 689 2247 constituimus
705 2180 745 2244 de
761 2179 869 2262 pueris
891 2178 1031 2255 minutis,
1054 2177 1109 2260 qui
1123 2182 1290 2256 vocantur,
1313 2179 1402 2261 apud
1423 2179 1573 2263 antiquos
1590 2180 1816 2264 imperatoriae

170 2292 311 2356 maxime
332 2291 446 2355 aetatis
467 2289 500 2353 in
528 2287 647 2353 deliciis
667 2287 793 2352 habitis.
845 2286 946 2351 Simul
968 2285 1008 2350 de
1030 2286 1187 2350 Amorum
1208 2285 1395 2368 pusillorum
1416 2286 1559 2365 deorum,
1585 2307 1666 2370 quos
1687 2288 1818 2371 quidem

169 2400 248 2463 artis
268 2400 479 2463 monumenta
498 2394 644 2477 adprime
665 2396 956 2476 repraesentarunt,
978 2396 1095 2457 natura
1115 2396 1147 2456 et
1168 2391 1351 2457 inventione
1373 2394 1533 2475 agendum
1551 2414 1619 2459 esse
1633 2396 1738 2460 visum
1759 2400 1816 2461 est„

170 2506 254 2570 Cum
284 2525 350 2587 qua
380 2502 566 2585 quaestione
595 2500 714 2583 duplici
742 2501 871 2565 tertiam
900 2499 1107 2564 conexuimus
1136 2517 1220 2581 quae
1240 2498 1299 2563 suit
1321 2499 1360 2563 de
1382 2499 1645 2583 interpretatione
1666 2502 1818 2567 carminis

170 2611 343 2675 Catulliani
359 2609 421 2674 LV.
464 2608 534 2672 Hoc
554 2608 640 2672 enim
656 2626 787 2672 carmen
801 2606 984 2672 Camertum
1006 2604 1168 2687 quendam
1184 2605 1343 2683 describit,
1368 2607 1423 2688 qui
1443 2626 1477 2671 se
1500 2607 1694 2673 subtraxerit
1715 2609 1818 2674 amori

170 2722 304 2799 poetae3
335 2716 388 2799 qui
411 2716 482 2798 quis
504 2719 536 2779 et
564 2714 667 2797 qualis
695 2713 789 2778 fuerit
809 2713 954 2778 nondum
983 2712 1209 2794 investigatum
1232 2716 1279 2777 est
1308 2713 1352 2777 ad
1372 2712 1459 2778 hunc
1479 2714 1573 2779 diem.
1616 2716 1818 2781 Curriculum

169 2828 281 2888 autem
310 2822 534 2906 disputationis
562 2822 607 2886 sic
635 2821 843 2902 derigendum
869 2818 1133 2897 existimavimus,
1164 2822 1200 2882 ut
1226 2818 1305 2882 illud
1327 2818 1443 2885 Catulli
1472 2840 1603 2886 carmen
1626 2822 1679 2886 LV
1709 2824 1818 2905 paullo

170 2930 375 2994 emendatius
405 2932 437 2992 et
471 2927 670 3009 castigatius,
698 2931 857 3010 quatenus
885 2925 1015 3009 quidem
1047 2924 1249 3002 conceditur,
1285 2925 1318 2989 ln
1355 2932 1528 3009 conspectu
1555 2948 1818 3011 proponeremus,

170 3036 287 3101 deinde
315 3056 354 3101 ex
381 3034 521 3100 tardiore
548 3034 610 3099 hoc
638 3034 766 3115 negotio
788 3034 832 3098 ad
862 3033 947 3097 vitae
968 3037 1000 3126 et
1022 3032 1100 3097 artis
1120 3032 1273 3115 antiquae
1303 3034 1553 3100 considerandas
1576 3036 1705 3102 delicias
1726 3056 1819 3102 acce·

171 3145 272 3209 leuato
294 3142 397 3226 gradu
418 3160 673 3224 properaremus.

737 3441 770 3525 Ι.
825 3437 964 3524 Catulli
992 3466 1145 3526 carmen
1175 3439 1255 3527 ΙΝ.

269 3607 434 3671 Lectiones
456 3605 490 3669 in
505 3604 621 3670 Catulli
640 3624 666 3669 c.
683 3605 735 3670 LV
757 3625 777 3670 a
799 3605 935 3671 librariis
950 3605 1196 3687 inprudentibus
1209 3605 1434 3690 pessumdatae
1455 3606 1582 3672 anobis
1602 3607 1819 3673 restituendae

172 3712 234 3776 hae
255 3716 338 3778 sunt.

269 3819 401 3902 Aufugit
418 3819 598 3896 Camerius;
620 3821 785 3903 quaeritur
803 3823 854 3889 »in
871 3843 986 3907 campo
1000 3825 1153 3904 minore«,
1176 3825 1209 3889 in
1221 3824 1346 3907 porticu
1360 3824 1524 3907 Pompeia,
1544 3824 1632 3889 alias.
1669 3824 1819 3889 Tandem

173 3925 262 4007 apud
284 3925 425 3992 femellas
447 3946 520 3991 eum
543 3927 642 3992 latere
663 3929 801 4011 suspicio
822 3935 878 3995 est.
1236 3933 1243 3949 ⁰

672 4057 689 4111 o
724 4057 857 4114 Femallas
874 4075 980 4124 omnes,
1005 4058 1105 4125 amioe,
1129 4057 1236 4129 prandi,

724 4142 796 4209 Quas
814 4145 892 4199 vultu
911 4144 967 4199 vidi
984 4148 1078 4200 tamen
1093 4161 1196 4209 serena,

726 4229 825 4286 Auelte
842 4230 879 4285 aio
897 4230 955 4302 ipso
969 4229 1145 4301 flagitabam:

724 4315 879 4372 eumerium
896 4317 967 4371 mihi
984 4317 1117 4388 pessimae
1134 4316 1250 4388 puellae.

657 4403 691 4458 10
725 4402 864 4469 Quaedam
881 4403 974 4473 inquit
991 4404 1096 4458 nudum
1113 4403 1196 4458 reduc

725 4489 795 4544 Hem
813 4488 864 4544 heo
882 4488 911 4544 in
928 4489 1011 4546 roseis
1027 4490 1099 4546 latet
1110 4488 1230 4561 papillis.

171 4605 365 4672 Cruciarunt
381 4606 506 4671 criticos
526 4606 611 4671 viros
623 4607 763 4673 maxime
779 4628 890 4673 versus
906 4610 926 4674 8
941 4613 971 4674 et
992 4611 1039 4674 10.
1081 4610 1120 4675 Et
1137 4609 1170 4674 in
1185 4610 1310 4674 versu8
1326 4607 1360 4673 in
1375 4629 1474 4693 quam
1489 4610 1631 4676 diversas
1643 4612 1819 4695 scripturas

171 4732 258 4794 vaga
280 4713 464 4778 coniectura
486 4713 692 4793 aberraverit,
714 4715 802 4798 apud
823 4715 960 4780 editores
974 4716 1074 4781 videri
1096 4720 1216 4798 potest3
1239 4735 1298 4798 ego
1314 4735 1380 4780 non
1396 4717 1531 4782 mutabo
1551 4718 1616 4783 fere
1636 4719 1697 4784 nisi
1717 4738 1818 4784 unam

174 4817 312 4885 litteram
334 4819 487 4885 initialem
510 4819 672 4885 AVELTE
694 4840 733 4885 ex
754 4821 910 4887 PVELLE
935 4827 1043 4887 ortum
1064 4843 1132 4888 esse
1152 4824 1348 4906 suspicatus,
1380 4828 1477 4906 atque
1498 4824 1543 4889 sic
1563 4826 1684 4908 legam:

735 4951 875 5007 ‚Puellaoe
894 4950 933 5006 sio
950 4950 1007 5022 ipse
1023 4951 1193 5023 flagitabam,

734 5035 904 5092 ’Cumanum
920 5037 1003 5104 mihi,
1029 5039 1163 5110 pessimae
1179 5040 1311 5112 puellae«.
1360 5056 1362 5060 ⁴

1629 5159 1664 5213 l*
