4792 6120
1160 465 1233 530 XIX

371 666 561 748 ἄθύρουσαι
583 669 816 745 τρέφουσιν.
860 659 969 725 Habes
997 680 1071 725 ecce
1099 660 1150 725 hic
1181 679 1309 743 quoque
1331 658 1492 723 nudorum
1523 658 1778 735 multitudinem3
1810 664 1841 724 et
1870 663 2019 743 apertum

373 779 422 840 est
442 775 544 839 inesse
564 772 597 835 in
619 770 669 833 his
689 767 794 832 verbis
815 786 942 850 semper
963 767 1066 831 nudos
1088 768 1184 832 fuisse
1203 768 1360 832 alumnos

478 880 530 944 Sic
550 877 673 942 nudum
695 875 792 941 etiarn
817 873 1001 939 Camerimn
1023 873 1139 939 Catulli
1160 875 1299 938 vidimus
1310 872 1343 955 ¹).

477 987 566 1064 Quae
593 983 725 1048 tandem
755 981 810 1064 qui
839 981 1040 1062 cognoverit,
1078 981 1105 1045 si
1134 981 1246 1063 legerit
1274 979 1363 1063 apud
1390 979 1620 1043 Philostratum
1649 980 1748 1060 hnag.
1777 978 1818 1043 Vl
1852 978 2020 1044 inductam

374 1091 496 1178 yupmlr·
520 1088 655 1171 ἅγέλλην
682 1089 840 1153 Amorum
870 1091 903 1152 et
931 1087 1020 1169 apud
1040 1087 1265 1170 Propertinum
1295 1086 1321 1150 Il
1343 1087 1383 1151 19
1405 1086 1492 1150 illam
1513 1086 1640 1150 turbam
1660 1086 1832 1167 minutam,
1862 1085 1918 1151 scd
1938 1085 2020 1150 nudi

373 1203 512 1284 suerunt,
532 1215 641 1260 nonne
662 1195 705 1259 ad
735 1195 806 1276 ipsa
835 1194 953 1256 παιδία
982 1194 1089 1273 γυμνοὶ
1119 1194 1252 1280 thidatoae*
1280 1183 1327 1266 οἷς
1348 1193 1401 1255 αἐἰ
1431 1196 1579 1272 χαίρουσι
1599 1192 1761 1272 Ῥωμαίων
1783 1190 1813 1254 οἱ
1833 1195 2019 1275 τρυφῶντες

375 1309 514 1371 mentem
535 1302 587 1366 vel
608 1301 728 1365 invitus
750 1301 888 1365 referet?
2044 1379 2046 1382 y

469 1410 576 1489 Quid?
606 1408 695 1492 quod
723 1409 912 1488 argumenta
938 1406 1054 1470 idonea
1082 1404 1247 1470 affluentia
1276 1425 1317 1469 ne
1348 1425 1435 1470 nunc
1462 1405 1593 1487 quidem
1623 1403 1781 1468 exhausta
1808 1407 1891 1468 sunt
1934 1403 2019 1468 Nam
2110 1455 2113 1465 .

372 1519 470 1583 etiam
501 1518 571 1599 ipsa
599 1515 678 1579 artis
705 1516 913 1578 monumenta
942 1516 974 1577 et
1002 1512 1075 1576 licet
1103 1516 1136 1575 et
1168 1510 1300 1575 interest
1332 1511 1374 1576 ad
1404 1511 1623 1575 testimonium
1651 1511 1798 1574 excitare.
1846 1509 1970 1592 Nempe
1999 1529 2019 1574 a

372 1624 549 1708 pictoribus
568 1621 782 1704 sculptoribus
802 1619 896 1701 pusi
920 1620 1017 1684 etiam
1039 1620 1128 1684 sine
1148 1618 1224 1683 alis
1245 1617 1335 1682 haud
1357 1618 1573 1700 infrequenter
1593 1617 1720 1681 formati
1740 1621 1823 1681 sunt.

477 1729 637 1795 Nonnulla
663 1728 758 1810 igitur
785 1746 940 1809 pusorum
962 1726 1021 1790 alis
1042 1726 1220 1791 carentium
1245 1724 1392 1806 exempla
1409 1745 1449 1790 ex
1469 1727 1547 1792 artis
1567 1723 1752 1792 inventariis
1773 1725 1825 1789 hic
1847 1741 2019 1805 congeram

375 1858 459 1920 quae
481 1837 609 1902 fortuito
629 1835 708 1899 mihi
729 1855 763 1898 se
785 1833 1019 1914 obtulerunt2);
1049 1833 1104 1915 qui
1129 1853 1227 1915 opera
1249 1834 1358 1899 dedita
1386 1839 1418 1898 et
1439 1854 1517 1898 cura
1540 1834 1816 1917 circumspectiore
1838 1830 2018 1907 venabitur,

375 1945 475 2008 multo
496 1944 588 2026 plura
608 1947 640 2007 et
661 1948 693 2007 et
714 1942 840 2025 aptiora
862 1941 905 2005 ad
926 1940 1131 2023 probandum
1149 1941 1241 2005 facile
1261 1940 1436 2023 indagabit

475 2068 620 2132 Primum
649 2066 779 2149 quidem
807 2065 886 2130 talia
914 2065 1085 2129 simulacra
1107 2084 1288 2147 apponam,
1319 2063 1351 2127 in
1380 2064 1497 2145 quibus
1526 2064 1567 2129 de
1594 2066 1714 2130 Amore
1743 2068 1914 2149 quominus
1948 2070 2019 2151 quis

373 2176 489 2256 cogitet
503 2174 678 2257 plurimum
699 2174 799 2237 abest.
842 2172 883 2236 Et
899 2176 1058 2237 testantur
1079 2192 1117 2237 ea
1138 2171 1269 2254 quidem
1285 2170 1372 2235 claro
1393 2172 1549 2235 concentu
1571 2173 1741 2254 pasionum
1761 2175 1849 2256 apud
1869 2176 2019 2258 antiquos

372 2301 530 2357 amorem;
564 2282 667 2344 multa
698 2284 807 2344 autem
841 2278 884 2343 ad
915 2279 1094 2344 fabularem
1125 2278 1291 2342 historiam
1321 2279 1499 2359 pertinent;
1539 2279 1602 2343 alia
1634 2280 1770 2345 infantes
1800 2301 2019 2366 quoscumque

372 2389 547 2470 obgerunt;
572 2388 604 2451 in
626 2386 787 2451 nonnullis
808 2390 918 2450 autern
941 2390 1026 2450 certe
1047 2386 1143 2450 etiam
1167 2385 1331 2449 deliciolae
1351 2385 1439 2467 ipsae
1462 2387 1684 2466 agnoscendae
1705 2392 1788 2453 sunt.
1831 2389 1886 2452 Sin
1909 2395 2019 2456 autem

372 2496 478 2559 nudos
499 2494 626 2572 dixero,
656 2493 815 2559 interdum
837 2494 936 2558 etiam
958 2513 1062 2575 paene
1084 2493 1187 2557 nudos
1208 2493 1318 2557 tunica
1338 2497 1458 2557 retecta
1481 2493 1652 2574 intelleges.

472 2617 567 2681 Tales
595 2621 669 2682 sunl
689 2617 829 2700 luppiter
861 2616 966 2681 inians
991 2637 1064 2681 curn
1088 2616 1259 2680 Amalthea
1288 2637 1314 2681 e.
1337 2637 1366 2697 g.
1388 2618 1426 2697 ,in
1455 2618 1618 2682 notissimo
1647 2620 1831 2702 anaglypho
1858 2622 2017 2703 Laterani,

375 2724 487 2788 Plutus
508 2724 612 2788 infans
633 2725 666 2788 in
687 2724 780 2788 Pacis
801 2724 936 2788 brachio
957 2724 1166 2800 Monacensis,
1189 2723 1363 2787 Mercurius
1378 2724 1482 2787 infans
1505 2724 1630 2805 (Clarae
1643 2725 1682 2788 lV
1699 2726 1743 2790 tb.
1758 2729 1842 2810 655),
1865 2728 2019 2794 Hercules

375 2836 406 2895 et
427 2831 560 2913 lphicles
580 2831 717 2895 infantes
738 2830 866 2912 (Clarae
889 2830 915 2892 V
943 2830 989 2895 tb.
1010 2831 1067 2895 781
1099 2850 1130 2894 n.
1155 2831 1234 2894 1955
1254 2850 1340 2912 sqq.;
1370 2831 1499 2894 Gazette
1522 2831 1658 2895 archeol.
1679 2832 1700 2909 1,
1726 2835 1814 2912 1875,
1845 2855 1876 2917 p.
1899 2837 2018 2919 6611,

372 2938 509 3019 tb.16);
535 2937 692 3001 Romulus
719 2940 750 3000 et
776 2937 900 3001 Remus
922 2938 983 3001 sub
1011 2936 1088 3018 lupa
1118 2934 1169 3016 (cl.
1190 2937 1370 3014 Bacholen,
1397 2937 1513 3000 Annal.
1533 2938 1603 3001 inst.
1634 2940 1719 3003 110
1749 2941 1948 3024 1141111,
1977 2944 2016 3007 41

372 3065 403 3126 p.
431 3043 595 3126 188311
631 3043 770 3108 Achilles
805 3043 962 3108 educatus
989 3043 1022 3106 in
1051 3042 1165 3107 tabula
1202 3063 1384 3107 marmorea
1419 3043 1516 3108 Musei
1549 3045 1735 3126 Capitolini;
1765 3048 1911 3113 Bacchus
1939 3071 2020 3133 puer

373 3151 499 3231 (Clarac
522 3151 562 3214 IV
583 3151 626 3215 tb.
649 3151 827 3225 673-677;
859 3150 1060 3231 Engravings
1080 3151 1162 3213 from
1191 3151 1318 3214 ancient
1340 3150 1480 3214 marbles
1499 3151 1598 3215 Musei
1621 3152 1795 3218 Britannici
1816 3156 1859 3220 Xl
1888 3158 1930 3238 pl.
1948 3159 2018 3240 38);

372 3260 457 3323 idem
479 3259 634 3324 educatus
664 3258 753 3340 apud
772 3257 871 3321 Millin
892 3257 933 3321 M.
955 3256 990 3321 G.
1019 3261 1041 3321 t.
1064 3258 1104 3321 59
1132 3277 1163 3321 n.
1186 3258 1262 3332 aaa
1295 3256 1380 3321 idem
1411 3258 1499 3339 apud
1520 3258 1665 3323 Gerhard
1693 3261 1737 3324 th.
1762 3263 1822 3326 311
1852 3284 1883 3328 n.
1909 3266 2018 3345 1-13,

372 3367 428 3430 ubi
448 3386 522 3430 cum
545 3367 653 3449 lepore
674 3365 756 3429 ludit
783 3364 893 3442 1111,
921 3364 1040 3428 scalam
1071 3363 1215 3428 ascendit
1235 3384 1266 3428 n.
1288 3364 1308 3427 5
1335 3364 1415 3428 sicut
1445 3365 1620 3429 infantulus
1648 3367 1699 3431 ille
1727 3369 1816 3451 apud
1844 3371 2020 3438 Diodorum

375 3473 483 3554 (supra
505 3494 536 3555 p.
564 3472 623 3552 X);
654 3490 853 3554 quamquam
879 3470 1013 3535 haecine
1043 3470 1112 3533 iure
1141 3471 1184 3534 ad
1206 3469 1369 3534 Bacchum
1403 3470 1469 3535 sive
1499 3471 1649 3536 Iacchum
1679 3476 1835 3541 rettulerit
1863 3478 2018 3559 Gerhard‚

374 3599 534 3642 summam
557 3578 788 3643 dubitationem
810 3577 918 3642 habet.
963 3576 1057 3641 Adde
1077 3577 1164 3659 quod
1186 3577 1272 3641 tilioli
1293 3577 1425 3641 Medeae
1446 3581 1544 3660 atque
1564 3580 1732 3644 Alcestidis
1754 3582 1787 3646 in
1809 3586 2019 3669 sarcophagis

375 3685 467 3748 simili
489 3685 586 3749 modo
605 3687 740 3750 investes
762 3688 951 3759 carnuntum
982 3683 1066 3747 adde
1089 3683 1297 3765 Harpocratis
1318 3683 1404 3748 idola
1426 3683 1552 3765 (Clarae
1572 3685 1612 3749 lV
1635 3686 1679 3750 th.
1703 3688 1778 3766 7633
1809 3689 1941 3756 Jahrbb.
1962 3693 2019 3758 des

375 3792 461 3855 arch.
484 3791 582 3857 lnstit.
603 3796 625 3856 t.
644 3791 684 3870 V,
714 3790 874 3856 archaeol.
897 3791 1052 3871 Anzeiger
1072 3811 1103 3872 p.
1129 3792 1187 3854 155
1208 3811 1255 3873 sq.
1279 3791 1338 3855 sub
1360 3810 1391 3854 n.
1416 3792 1430 3855 1
1455 3796 1487 3855 et
1509 3791 1550 3872 1).

474 3899 514 3963 Et
532 3897 686 3963 hactenus
707 3899 854 3981 exempla
876 3897 986 3961 divina
1006 3897 1072 3961 sive
1099 3898 1213 3962 fabulis
1235 3898 1352 3962 debita.
1401 3898 1550 3963 Cetemm
1579 3902 1689 3982 pupuli
1711 3903 1843 3967 omnino
1870 3905 1938 3969 sine
1959 3906 2018 3971 alis

372 4005 484 4069 nuduli
514 4005 540 4069 si
562 4005 633 4087 quis
655 4025 719 4069 uno
743 4009 917 4089 conspectu
937 4004 1104 4086 complecti
1134 4005 1210 4068 velit
1231 4024 1330 4087 quam
1351 4024 1447 4086 saepe
1468 4005 1596 4086 figurati
1617 4008 1694 4086 sint,
1724 4014 1912 4090 percenseat
1933 4032 1960 4076 e.
1986 4034 2015 4096 g.

472 4237 498 4304 1)
518 4235 633 4289 Pusillus
652 4234 742 4290 hlacro
760 4235 832 4306 apud
851 4233 985 4289 Lucilium
1003 4233 1080 4289 anth.
1099 4234 1158 4289 Pal.
1176 4234 1216 4289 XI
1235 4237 1268 4289 95
1288 4230 1370 4300 ψιλὸς
1389 4236 1499 4304 quidem
1519 4236 1633 4292 dicitur:

825 4315 855 4382 ὅς
873 4316 902 4373 δ’
921 4318 952 4374 ἐν
970 4319 1003 4396 τῇ
1022 4317 1129 4395 τρώγλῃ
1148 4316 1230 4385 ψιλὸς
1251 4315 1300 4373 τὸν
1315 4320 1372 4392 μῦν
1391 4316 1552 4382 ἀποπνίξας.

372 4407 424 4463 Sed
447 4407 512 4464 licet
536 4404 618 4474 ψιλὸς
640 4407 726 4464 etiam
750 4425 800 4479 pro
824 4408 944 4464 vestibus
967 4409 1077 4462 carente
1102 4405 1240 4461 interdum
1263 4405 1399 4461 scribatur
1425 4408 1545 4476 (Lucian.
1564 4409 1628 4464 dial.
1649 4412 1727 4463 mort.
1750 4410 1897 4482 10‚1;4),
1923 4414 2018 4467 tamen

372 4493 610 4565 interpretandum
629 4495 682 4551 erit
699 4494 832 4549 nimirum
850 4493 925 4549 »sine
942 4493 1048 4548 armis«
1071 4522 1105 4532 -
1124 4492 1270 4557 Aboumm,
1295 4492 1401 4562 dequo
1419 4495 1621 4564 supradictum
1641 4499 1694 4561 est,
1720 4496 1803 4551 vestit
1820 4514 1886 4552 sane
1907 4515 2018 4567 »gunea

373 4580 500 4651 profusa«
519 4581 555 4649 (v.
573 4582 616 4651 4);
644 4580 691 4636 sed
709 4580 754 4636 hic
773 4598 860 4636 nanus
878 4583 931 4640 est.
957 4595 1014 4633 non
1032 4578 1150 4649 pupulus
1169 4580 1206 4649 (v.
1225 4580 1261 4647 2).

471 4668 498 4729 2)
528 4667 569 4722 De
592 4667 744 4723 infantium
761 4667 790 4721 in
814 4671 874 4721 erte
895 4666 1010 4735 antiqua
1034 4666 1282 4737 repraesentatione
1306 4667 1464 4722 summatim
1487 4668 1553 4722 olim
1576 4668 1660 4724 verba
1681 4668 1745 4724 fecit
1772 4669 1804 4724 K.
1834 4670 1961 4727 beverow
1988 4671 2018 4726 in

373 4752 536 4809 Amaltheae
553 4752 703 4824 Boettigeri
721 4756 742 4808 t.
757 4753 770 4806 1
788 4772 813 4823 p.
831 4753 894 4815 175;
912 4756 1008 4822 postea
1025 4752 1050 4807 J.
1070 4751 1207 4807 Bachofen
1226 4752 1255 4806 in
1275 4753 1372 4807 hunul.
1390 4753 1477 4810 instit.
1496 4759 1516 4809 t.
1528 4756 1561 4809 41
1580 4773 1608 4825 p.
1626 4756 1742 4824 299111
1765 4759 1795 4808 Α.
1814 4757 2019 4825 Furtwaeugler

373 4836 402 4890 in
427 4838 509 4893 »Eros
524 4839 554 4893 in
577 4839 624 4894 der
652 4837 885 4902 Vasenmalereis,
912 4838 1015 4893 Monac.
1039 4837 1116 4900 1815;
1141 4837 1214 4892 idem
1239 4837 1268 4891 in
1294 4839 1364 4893 »Der
1388 4841 1603 4896 Dornauazieher
1624 4841 1681 4896 und
1705 4842 1753 4897 der
1776 4843 1873 4899 Kuabe
1896 4842 1948 4897 mit
1971 4842 2019 4897 der

374 4923 479 4990 uam,
498 4926 586 4981 Berol.
608 4927 674 4981 1816
694 4925 833 4990 (Virchow
852 4928 881 4980 et
901 4924 1096 4989 Holtaendorff,
1114 4941 1164 4979 ser.
1184 4926 1242 4994 111).

1829 5047 1865 5102 3*
