4792 6120
894 446 951 510 XV

207 644 273 711 Nec
299 644 416 708 mirum
436 662 477 707 ne
499 641 626 707 inertis
650 640 779 723 quidem
800 640 950 722 operibus
970 661 1073 723 nugas
1099 641 1215 706 similes
1237 642 1359 707 iocosas
1382 663 1513 725 prorsus
1541 644 1665 719 deesse;
1698 647 1741 710 ad

102 753 191 835 quod
217 750 446 833 disputandum
473 752 583 829 postea
613 767 718 811 sermo
748 752 905 825 recurret,
934 748 990 812 ubi
1014 749 1054 812 de
1083 749 1276 831 pupulorum
1301 750 1458 815 brevitate
1480 751 1739 833 supplementum

103 860 233 924 dabitur
253 857 297 941 (p.
317 855 444 936 XXIV),
466 855 518 919 hic
539 853 671 918 omnino
692 853 725 916 in
746 853 930 918 hominibus
952 855 1082 918 adultae
1103 856 1216 920 aetatis
1237 856 1374 920 facetam
1396 857 1561 939 quandam
1581 859 1741 939 magnitu-

102 966 213 1031 dinum
234 968 330 1047 atque
350 966 492 1027 staturae
513 960 818 1042 contrapositionem
838 964 870 1024 et
897 961 1143 1043 repugnantiam
1166 962 1323 1044 placuisse
1349 981 1565 1027 commemoro
1594 983 1653 1028 nec
1681 965 1740 1029 nisi

102 1073 196 1137 unius
224 1069 422 1152 potissimum
452 1069 557 1150 pictae
587 1066 717 1131 tabulae
751 1066 857 1130 miuus
883 1065 1020 1131 lascivae
1050 1067 1244 1132 mentionem
1270 1068 1379 1146 inicio,
1407 1069 1440 1132 in
1465 1088 1531 1151 qua
1559 1069 1640 1135 Iovis
1667 1091 1740 1136 cum

102 1178 221 1242 lunone
249 1175 422 1240 conubium
445 1173 641 1255 descriptum
668 1192 736 1236 esse
765 1172 929 1237 verissima
948 1173 1132 1238 coniectura
1149 1178 1212 1250 est3
1240 1179 1272 1238 et
1293 1175 1426 1239 deorum
1450 1176 1580 1258 quidem
1603 1179 1740 1258 grandes

102 1282 314 1364 sublimesque
336 1280 472 1363 figurae3
502 1279 544 1344 ad
566 1278 647 1344 lovis
667 1279 751 1344 latus
775 1299 851 1343 vero
872 1279 1102 1345 homunciones
1129 1285 1193 1345 tres
1214 1281 1400 1346 assederunt
1420 1282 1542 1346 inmani
1568 1284 1740 1364 exiguitate

102 1390 239 1471 insignes
274 1387 315 1469 (v.
345 1386 451 1452 Raoul
472 1386 629 1450 Rochette
668 1386 762 1450 choix
792 1386 831 1450 de
860 1385 957 1468 peint.
991 1387 1056 1450 tab.
1087 1387 1120 1462 f;
1154 1389 1192 1450 cf.
1222 1386 1338 1469 Helbig
1368 1387 1560 1469 Wandgem.
1587 1408 1618 1452 n.
1652 1391 1739 1472 114);

101 1494 286 1567 Δακτύλους
308 1494 385 1558 deos
412 1493 612 1575 agnoscimus
635 1492 701 1556 sive
723 1492 858 1573 Dignos,
890 1512 1027 1574 quorum
1045 1493 1236 1574 parvitatem
1255 1497 1292 1557 ut
1313 1512 1430 1558 nomen
1451 1494 1586 1574 indicat,
1614 1496 1658 1560 ita
1686 1516 1740 1560 ex-

100 1603 215 1687 pressit
235 1602 370 1684 pictura.
412 1599 519 1664 Simile
542 1602 590 1663 est
611 1599 700 1681 quod
730 1618 751 1663 a
772 1599 945 1663 Timanthe
972 1600 1076 1682 pictus
1097 1604 1167 1663 erat
1198 1599 1350 1683 »Cyclops
1369 1600 1529 1666 dormiens
1551 1601 1583 1664 in
1607 1604 1740 1684 parvola

102 1708 236 1787 tabella,
273 1707 361 1771 cuius
393 1710 425 1770 et
452 1706 496 1770 sio
530 1704 787 1786 magnitudinem
822 1706 999 1789 exprimere
1037 1706 1166 1789 cupiens
1202 1707 1305 1788 pinxit
1339 1707 1427 1771 iuxta
1463 1708 1594 1791 Satyros
1629 1710 1767 1791 thyrso'

101 1816 248 1899 pollicem
270 1814 337 1878 eius
356 1811 533 1876 metientis»
558 1809 650 1891 (Plin.
668 1812 718 1887 35,
740 1811 801 1893 74).

206 1916 325 1998 Quodsi
346 1920 389 1984 ad
408 1918 591 1984 Camerium
612 1919 744 1983 tandem
765 1921 1041 1999 retrospectamus‚
1064 1917 1235 1981 fatebimur
1247 1917 1408 1983 Catullum
1428 1920 1533 2002 ipsum
1554 1942 1682 2007 quoque
1706 1925 1739 1990 in

103 2027 247 2093 Camerio
268 2025 459 2090 celebrando
474 2024 689 2107 exaggerandi
709 2025 815 2089 studio
834 2045 867 2089 se
883 2024 1056 2100 dedidisse;
1080 2025 1167 2106 quod
1185 2024 1270 2088 enirn
1293 2024 1489 2090 ›inlibatis‹
1509 2028 1560 2092 vel
1577 2031 1664 2112 quod
1688 2032 1739 2096 ›in

102 2134 197 2200 roseis
218 2131 360 2215 papillis«
392 2132 492 2197 latere
518 2151 593 2197 eum
614 2132 725 2208 refert,
753 2131 849 2213 plane
870 2131 903 2195 id
923 2131 1022 2195 risum
1044 2130 1184 2195 concitat
1204 2134 1236 2195 et
1255 2131 1364 2195 Lucilii
1391 2133 1461 2198 illas
1485 2133 1614 2200 facetias
1633 2157 1737 2220 paene

99 2242 270 2322 adaequat.
313 2238 421 2321 Atque
438 2238 504 2303 iam
524 2257 700 2321 oxymoron
724 2237 978 2302 efficacissimum
997 2241 1029 2301 et
1050 2237 1092 2301 ad
1112 2237 1301 2318 aenigmatis
1322 2239 1388 2303 vim
1407 2241 1588 2322 augendam
1611 2244 1736 2326 aptissi-

99 2367 190 2412 mum
208 2347 241 2411 in
263 2363 301 2410 eo
324 2345 542 2426 agnoscimus,
564 2343 653 2425 quod
674 2343 794 2409 clamat
813 2342 956 2408 Catullus
977 2363 1007 2407 v.
1031 2344 1085 2408 13:

615 2448 667 2505 Sed
686 2450 714 2503 to
731 2448 787 2503 iam
805 2447 877 2503 ferre
894 2447 1020 2534 Herculei
1039 2447 1115 2502 labos
1134 2448 1189 2502 est!

99 2549 181 2613 Eece
210 2547 291 2611 alter
312 2543 568 2626 Christophorus.
618 2543 762 2626 Denique
790 2563 855 2626 non
883 2543 951 2608 sine
979 2542 1084 2625 lepido
1112 2541 1260 2606 acumine
1286 2543 1440 2624 parvulus
1462 2544 1514 2608 hic
1534 2545 1568 2608 in
1592 2546 1735 2629 ›Magni‹

101 2653 318 2720 ambulatione
339 2651 449 2734 quaeri
470 2650 586 2715 dicitur
608 2670 638 2714 v.
663 2651 692 2714 6.

202 2760 285 2838 Quid
305 2759 393 2823 vero*
403 2756 443 2821 de
465 2757 535 2839 ipsa
559 2757 657 2821 totius
678 2755 828 2820 carminis
849 2753 1019 2819 Catulliani
1047 2752 1229 2818 inventione
1249 2754 1472 2820 censebimus?
1501 2776 1585 2838 quae
1607 2759 1737 2841 quidem

99 2868 144 2932 sic
165 2868 421 2931 consummatur:
451 2861 607 2927 Puerulus
627 2861 779 2943 fugitivus
799 2864 862 2938 est;
893 2860 1011 2924 frustra
1040 2879 1061 2924 a
1092 2859 1221 2924 domino
1251 2879 1309 2924 suo
1331 2861 1397 2925 sive
1417 2863 1518 2926 altore
1548 2865 1735 2945 anquiritur.

99 2973 220 3038 Similia
242 2968 537 3052 circumspiciamus
567 2967 683 3049 (necf
680 2972 747 3032 rust
749 2987 785 3032 ra
814 2986 853 3031 ea
881 2964 1024 3048 quidem)
1053 2963 1280 3048 Cameriusque
1306 2968 1377 3049 quis
1405 2969 1514 3046 fuerit,
1547 2971 1643 3035 etiam
1664 2973 1738 3039 inde

100 3081 294 3146 docebimur.
335 3078 375 3142 Et
397 3076 538 3159 primum
560 3075 690 3158 quidem
709 3075 847 3139 Lucilius
867 3074 964 3150 haec,
996 3076 1052 3136 ant
1039 3071 1115 3135 t.hol
1137 3071 1205 3135 Pal.
1228 3072 1365 3138 X1105:

516 3185 679 3264 Τὸνμὲγαν
698 3186 811 3261 ἐζήτουν
828 3182 986 3260 Εὸμήκπον
961 3180 1113 3247 ricff'
1098 3184 1254 3240 εκιὶθενδὲν

578 3282 703 3357 μικρῷν
688 3276 766 3335 vn’o
752 3276 1221 3353 ὄξνάρφῳτὰςχέραςέκταόανσς.

98 3381 303 3446 Desideratus
323 3381 479 3455 minutus;
503 3378 696 3460 anquiritur3
717 3376 777 3441 sub
798 3375 966 3440 acetabulo
989 3375 1120 3440 tandem
1141 3377 1348 3458 investigatur
1361 3375 1393 3457 ¹).

199 3487 310 3569 Neque
339 3506 415 3551 vero
443 3506 494 3550 res
523 3485 683 3548 humanas
706 3482 924 3564 derelinquere
952 3482 1160 3560 haesitemus,
1191 3502 1294 3565 neque
1322 3483 1564 3550 reformidemus
1593 3485 1735 3551 volatum

101 3593 260 3667 altiorem3
292 3592 356 3656 iam
386 3592 471 3656 enim
496 3591 539 3655 ad
560 3590 712 3654 Amorem
737 3588 908 3652 deferimur
938 3587 1148 3670 pennigerum
1176 3589 1281 3653 deum.
1331 3589 1439 3654 Matris
1459 3590 1544 3654 enirn
1567 3609 1651 3673 quae
1672 3592 1735 3658 ulio

99 3698 233 3782 parvulo
254 3717 313 3780 pro
335 3719 470 3777 παιγιιῳ
491 3716 587 3779 saepe
613 3699 737 3772 utatur,
768 3693 929 3776 egregium
956 3697 1053 3775 atque
1080 3694 1224 3759 divinum
1251 3695 1432 3778 exemplum
1455 3696 1641 3761 Venerem
1631 3718 1734 3780 ipsam

99 3825 173 3870 cum
194 3805 349 3888 Cupidine
369 3804 461 3869 nobis
480 3802 647 3886 proposuit
667 3801 849 3883 antiquitas.
894 3799 952 3865 Hic
967 3799 1091 3883 Cupido
1112 3820 1176 3884 quo
1191 3801 1342 3865 minutior
1360 3800 1549 3884 fingebatur,
1573 3823 1611 3869 eo
1632 3805 1735 3886 magis

99 3913 141 3977 ad
163 3932 231 3976 rem
250 3912 326 3977 facit
353 3930 450 3994 quarn
471 3913 657 3975 tractamus.
700 3909 835 3990 Quoque
865 3907 1019 3971 maiorem
1040 3908 1196 3972 Amorum
1225 3911 1387 3972 catervam
1409 3928 1461 3973 ars
1492 3909 1665 3989 formabat,
1695 3931 1733 3975 eo

97 4019 201 4101 magis
215 4018 340 4082 etiam'
331 4037 363 4081 1n
386 4017 551 4082 hominum
574 4016 641 4080 vila
661 4035 759 4098 quam
773 4015 837 4079 late
858 4014 974 4078 harum
997 4033 1103 4078 rerum
1124 4033 1202 4079 cura
1222 4014 1430 4080 delicatat
1373 4034 1414 4098 pa
1416 4016 1520 4094 hierii,
1543 4017 1733 4082 declaratur.

97 4126 165 4190 lam
194 4123 352 4188 hocloco
380 4122 430 4187 oui
458 4141 523 4187 uon
552 4122 584 4186 iu
613 4125 754 4185 mentem
782 4121 900 4185 incidet
927 4120 978 4184 ille
1011 4121 1130 4185 »Am0r
1157 4120 1323 4202 fugitivus«
1354 4141 1451 4204 quem
1476 4122 1563 4188 claro
1594 4124 1735 4188 carmine

97 4230 246 4296 Moschus
267 4229 457 4294 celebravit?
486 4228 595 4311 incipit
617 4231 726 4291 autem
749 4226 835 4291 hunc
856 4226 889 4291 in
909 4227 1061 4291 modum:

524 4345 546 4404 ‘A
566 4351 676 4423 Κύπρις
693 4344 742 4402 τὸν
755 4345 861 4420 Ἔρωτα
880 4343 928 4400 τὸν
946 4346 1006 4401 υἱέα
1022 4341 1133 4420 μακρὸν
1151 4343 1290 4419 ἐβώσνρει·

527 4437 567 4491 Εἴ
583 4454 625 4496 τις
643 4432 686 4489 ἐνὶ
698 4431 830 4508 τριόδοισι
849 4430 1030 4506 πλανώμενον
1045 4429 1119 4487 εἶδεν
1126 4429 1232 4506 Ἔρωτα
1246 4434 1303 4486 κτλ.

97 4553 239 4635 Vagatur
257 4554 358 4618 Amor
377 4549 426 4613 ἐνὶ
443 4547 599 4629 τριόδοισι
620 4548 706 4611 velut
727 4565 784 4629 per
800 4545 923 4627 plateas
939 4543 1112 4609 Camerius.
1154 4545 1194 4609 Et
1213 4543 1354 4608 invenire
1379 4544 1549 4628 perfugum
1573 4550 1610 4610 ut
1627 4545 1733 4610 Venus

98 4660 259 4743 desperat,
287 4659 333 4724 ita
355 4656 504 4738 desperat
524 4655 675 4720 Catullus.

193 4903 216 4973 Ι)
235 4903 305 4957 ΝοΙο
323 4905 414 4957 tacere
431 4899 516 4955 etiam
535 4897 607 4952 inter
623 4897 783 4968 anaglypha
800 4894 874 4950 urbia
890 4894 993 4949 Romae
1014 4893 1201 4964 fragmentum
1217 4909 1272 4948 esse
1284 4892 1331 4947 ubi
1349 4891 1392 4947 vir
1408 4891 1550 4963 pusionem
1565 4893 1733 4964 prehendere

96 4987 211 5053 videtur,
228 4988 261 5044 de
280 5005 333 5058 quo
351 4986 422 5041 dixit
441 4985 515 5041 Matr
539 4982 642 5039 Antike
661 4981 813 5038 Bildwerke
830 4981 860 5035 in
877 4981 947 5034 Rom
966 4978 1015 5034 sub
1035 4997 1061 5033 n.
1080 4979 1158 5034 4046.
