4792 6120
1145 419 1234 484 XXX

367 613 545 691 abstinebo,
567 613 600 677 id
621 613 712 678 facile
733 614 782 677 vel
804 613 1029 695 probationem
1049 614 1182 680 habebit
1209 615 1258 680 vel
1280 615 1526 680 excusationem.
1569 615 1636 680 Iam
1657 637 1734 682 vero
1754 617 1965 700 praecessisse
1984 617 2020 683 in

369 726 439 785 arte
462 724 587 786 constat
607 741 671 784 non
690 721 847 785 Amorum
871 721 1050 799 infantium,
1071 723 1126 787 sed
1149 721 1318 787 infantium
1339 723 1398 787 alis
1420 723 1598 788 carentium
1619 724 1853 806 figurationem.
1902 725 2022 790 Astra

369 828 542 909 galizontes
553 827 734 910 Polycletus
748 828 824 893 olim
839 828 980 905 dederat,
1003 829 1090 911 quod
1106 829 1234 910 signum
1249 829 1327 912 quia
1344 830 1569 894 delicatissima
1584 830 1637 894 illa
1653 830 1747 894 Plinii
1766 836 1873 896 aetate
1887 851 2020 898 summo

368 936 484 1019 plausu
505 940 674 1020 exceptum
697 941 753 1012 est,
774 955 891 1018 pueros
911 936 971 1001 hos
991 941 1118 1002 teneros
1139 937 1336 1019 vixdumque
1358 941 1583 1019 puerascentes
1603 938 1698 1001 fuisse
1719 938 1786 1004 veri
1807 939 1909 1005 simile
1926 940 2020 1016 dico;

368 1047 511 1108 ceterum
532 1047 660 1108 austero
681 1043 816 1108 Phidiae
845 1045 973 1109 saeculo
995 1065 1059 1126 qua
1088 1044 1202 1109 duritie
1231 1048 1263 1108 et
1291 1044 1467 1108 habilitatis
1495 1044 1671 1109 defectione
1700 1045 1856 1111 infantilia
1878 1067 2022 1129 corpora

368 1150 639 1215 conformaverint
670 1151 860 1228 caelatores,
903 1152 1096 1216 documento
1137 1155 1185 1215 est
1221 1150 1419 1232 figuratio
1462 1152 1708 1217 monumenti
1748 1153 2022 1235 sepulchralis

368 1257 633 1322 Atheniensis
647 1258 812 1322 notissima
835 1279 934 1340 quam
956 1259 1083 1324 exhibui
1108 1259 1139 1323 in
1158 1263 1224 1323 tab.
1241 1259 1297 1339 1¹).
1339 1259 1406 1323 Nec
1418 1259 1520 1324 multo
1536 1263 1706 1341 provectus
1720 1259 1894 1325 Praxiteles
1910 1264 1962 1325 est
1985 1261 2022 1326 in

370 1365 498 1430 Baccho
515 1385 615 1447 puero
630 1384 727 1448 quem
742 1365 825 1429 ulnis
841 1366 926 1430 fovet
936 1365 1126 1441 Mercurius3
1149 1367 1211 1430 hoc
1228 1366 1313 1430 idem
1332 1371 1442 1431 autem
1459 1371 1685 1448 argumentum
1705 1367 1803 1432 etiam
1820 1372 2024 1434 tractaverat

373 1472 616 1555 Cephisodotus
638 1472 692 1554 qui
713 1473 810 1537 etiam
828 1472 945 1536 Pacem
968 1492 1040 1536 cum
1067 1473 1161 1537 Pluto
1170 1473 1212 1555 8);
1243 1473 1375 1555 'sychen
1399 1492 1470 1537 eum
1494 1472 1588 1537 Pluto
1610 1473 1798 1556 Xenophon.
1821 1474 1917 1540 Caelo
1938 1477 2023 1542 satis

370 1600 523 1662 prospero
546 1579 728 1644 elaboratus
749 1599 854 1661 pupus
874 1579 1018 1644 servulus
1039 1580 1232 1662 conspicitur
1248 1580 1280 1644 in
1300 1579 1379 1644 stela
1401 1579 1454 1644 illa
1470 1580 1656 1645 Atheniensi
1675 1582 1717 1645 ad
1732 1581 1853 1647 [lissum
1875 1583 2021 1648 inventa.

371 1687 438 1752 lam
454 1707 529 1753 vero
549 1687 615 1769 ipse
629 1685 741 1750 Zeuxis
757 1685 904 1767 penicillo
921 1691 953 1750 et
972 1686 1160 1750 »Herculem
1177 1688 1330 1752 infantem
1348 1687 1503 1751 dracones
1516 1688 1788 1770 strangulantem«
1806 1694 1838 1754 et
1861 1710 2020 1772 »puerum

373 1815 453 1861 uvas
474 1795 645 1858 ferentem«
668 1793 841 1875 descripsit,
866 1793 950 1857 idem
971 1793 1148 1858 Centauros
1168 1814 1241 1858 curn
1259 1814 1361 1877 parva
1378 1795 1483 1876 prole,
1504 1815 1601 1877 porro
1617 1795 1808 1860 Parrhasius
1823 1797 2022 1862 >Thressam

372 1903 529 1967 nutricem
558 1902 777 1983 infantemque
804 1901 836 1964 in
872 1901 1022 1964 manibus
1050 1901 1154 1979 eius«,
1188 1901 1272 1965 idem
1304 1921 1439 1984 »pueros
1469 1903 1566 1966 duos‹
1597 1922 1636 1967 ex
1665 1903 1782 1985 quibus
1809 1905 2024 1985 spectabatur

374 2010 545 2074 »securitas
577 2013 608 2073 et
638 2009 752 2072 aetatis
791 2007 1016 2088 simplicitas‹;
1056 2007 1193 2089 denique
1221 2008 1377 2073 Aristides
1408 2008 1583 2073 Thebanus
1621 2009 1682 2074 »ad
1711 2010 1824 2075 matris
1851 2011 2025 2078 morientis

371 2137 550 2182 mammam
577 2116 783 2197 adrepentem
813 2116 1005 2190 infantem‹;
1037 2115 1116 2180 haec
1145 2135 1221 2180 vero
1244 2115 1390 2180 Aristidis
1412 2116 1524 2181 tabula
1544 2115 1719 2181 Alexandri
1742 2118 1849 2199 Magni
1871 2119 2024 2184 animum

371 2225 452 2289 adeo
480 2223 666 2300 commovit,
706 2224 742 2286 ut
769 2221 891 2284 Thebis
921 2221 1040 2286 Pellam
1066 2223 1261 2297 transferret.
1310 2223 1359 2286 lta
1392 2222 1513 2288 lactum
1541 2227 1577 2287 ut
1604 2223 1703 2305 ipsius
1733 2225 1906 2290 Alexandri
1936 2245 2024 2291 aevo

370 2331 505 2413 Sicyone
532 2331 743 2395 effloresceret
770 2349 822 2393 ars
852 2329 1039 2394 Pausiae.
1091 2329 1151 2393 Hic
1178 2329 1312 2394 Pausias
1340 2351 1381 2394 ne
1416 2329 1483 2411 ipse
1514 2331 1644 2412 quidem
1677 2330 1850 2413 Cupidines
1879 2333 2025 2399 infantes

372 2438 510 2520 pinxisse
532 2437 685 2512 traditur,
717 2436 855 2500 traditur
875 2437 1013 2517 pinxisse
1041 2457 1176 2519 ›parvas
1198 2438 1325 2502 tabulas
1346 2437 1549 2520 maximeque
1572 2458 1705 2519 pueros‹
1728 2439 1907 2522 iterumque
1930 2441 2024 2506 idem

371 2544 543 2609 absolvisse
574 2564 656 2608 »uno
686 2543 737 2606 die
765 2543 917 2607 tabellam
949 2564 1032 2625 quae
1054 2548 1169 2608 vocata
1196 2549 1242 2608 est
1270 2544 1463 2609 hemeresios
1490 2565 1589 2627 puero
1611 2545 1726 2627 picto«.
1776 2546 1863 2624 Quas
1884 2547 2023 2629 quidem

370 2651 507 2716 Pausiae
534 2652 708 2716 munditias
734 2652 947 2715 vaseularium
980 2653 1178 2733 picturarum
1212 2652 1452 2733 comparatione
1482 2652 1661 2717 illuminare
1686 2659 1821 2717 conatus
1848 2657 1895 2718 est
1922 2654 2024 2719 Furt-

372 2757 584 2839 waengler³);
607 2777 679 2822 cum
698 2778 818 2839 magna
834 2758 919 2822 enim
942 2757 1008 2821 veri
1029 2757 1134 2839 specie
1149 2757 1303 2822 conicitur
1319 2759 1491 2841 praecipue
1506 2759 1646 2824 minutos
1662 2759 1757 2824 fuisse
1775 2778 1928 2842 ›pueros‹
1948 2761 2023 2827 illos

370 2864 523 2941 Pausiae3
554 2885 664 2929 secure
694 2870 801 2929 autem
830 2864 942 2928 saltem
972 2864 1150 2928 interfuisse
1177 2865 1316 2931 minutos
1345 2865 1476 2942 dixeris;
1505 2866 1538 2930 id
1560 2867 1648 2949 quod
1670 2867 1719 2931 vel
1748 2866 1802 2931 illa
1831 2867 2021 2932 tabularum

371 2973 516 3054 parvitas
538 2973 755 3046 commendat;
779 2972 969 3053 quinetiam
991 2972 1017 3034 si
1039 2972 1110 3053 quis
1131 2972 1163 3035 in
1186 2991 1303 3053 pueros
1323 2973 1502 3055 pingendos
1523 2977 1623 3037 totam
1646 2974 1746 3037 vitam
1769 2974 1819 3038 vel
1841 2975 2020 3056 plurimum

372 3079 487 3143 aetatis
508 3079 724 3160 impendebat,
746 3078 797 3142 ille
814 3078 847 3142 in
862 3099 899 3142 eo
920 3082 990 3142 erat
1006 3078 1073 3142 sine
1088 3078 1196 3155 dubie,
1216 3083 1252 3142 ut
1267 3084 1390 3144 certum
1407 3085 1439 3144 et
1452 3081 1565 3144 stabile
1583 3081 1659 3145 artis
1675 3085 1707 3145 et
1718 3082 1900 3162 argumenti
1916 3103 2019 3164 genus

373 3186 542 3267 (»Genre‹)
559 3185 728 3261 excoleret;
751 3186 794 3250 ad
815 3206 913 3268 quam
936 3205 1003 3249 rem
1024 3186 1101 3250 nihil
1123 3186 1303 3251 mehercule
1321 3188 1427 3270 aptius
1447 3188 1553 3269 pueris
1572 3187 1747 3253 infantibus
1760 3189 1861 3270 fuit‘).
1905 3190 2014 3255 Eidem

371 3297 487 3376 quarto
517 3293 644 3357 saeculo
672 3293 769 3357 etiam
795 3298 894 3376 caput
920 3294 1045 3375 pueruli
1073 3313 1290 3357 marmoreum
1319 3293 1468 3369 tribuitur
1496 3315 1600 3378 nuper
1622 3296 1720 3379 Cypri
1748 3297 1955 3362 eruderatum
1982 3301 2015 3362 et

372 3400 449 3465 artis
470 3399 664 3482 perfectione
693 3405 725 3464 et
752 3400 925 3464 laetissima
947 3400 1030 3463 vitae
1054 3400 1230 3464 imitatione
1251 3401 1458 3483 conspicuum
1468 3401 1493 3483 Β)
1523 3403 1664 3476 (Amoris
1685 3402 1779 3467 fuisse
1799 3406 1931 3469 omnino
1950 3424 2019 3470 non

372 3507 527 3587 constat),
566 3507 656 3572 cuius
691 3527 744 3572 ars
773 3506 929 3570 affinitate
960 3507 1102 3589 quadam
1139 3508 1247 3572 iuncta
1285 3512 1333 3571 est
1372 3528 1445 3572 cum
1475 3528 1575 3591 puero
1604 3509 1767 3592 exsculpto
1797 3511 1829 3574 in
1856 3511 1936 3576 stela
1964 3512 2021 3578 illa

374 3633 474 3697 quam
490 3614 666 3697 publicavit
683 3615 717 3678 Ε.
738 3615 777 3678 A.
802 3613 993 3694 Gardnertl.
1037 3614 1170 3678 Secutus
1193 3614 1308 3678 deinde
1335 3617 1383 3677 est
1406 3615 1472 3696 ipse
1497 3615 1645 3680 Boethi
1668 3616 1803 3681 infans
1831 3638 2019 3683 anserem

372 3722 645 3802 strangulans
667 3741 763 3803 quem
786 3720 918 3785 exhibui
941 3721 973 3784 in
992 3719 1103 3785 tabula
1117 3721 1158 3798 II;
1181 3721 1214 3784 in
1236 3740 1300 3802 quo
1323 3721 1514 3785 admirando
1537 3722 1602 3786 iam
1623 3727 1824 3805 opportunus
1844 3724 2020 3791 Herondae

478 3953 502 4022 1)
522 3953 670 4024 Desumpta
688 3970 720 4007 ex
738 3952 842 4022 Sybelii
860 3952 1094 4023 Weltgeschichte
1111 3953 1159 4007 der
1177 3954 1267 4007 Kunst
1286 3971 1313 4023 p.
1334 3953 1393 4007 191.

470 4040 497 4108 2)
516 4039 556 4094 De
573 4039 663 4109 capIte
680 4039 755 4094 Pluti
773 4039 879 4109 pueruli
898 4039 1088 4110 Cephisodotei
1107 4040 1187 4108 quale
1204 4037 1331 4108 primitus
1357 4040 1454 4104 fuerit,
1480 4057 1552 4094 nunc
1569 4039 1680 4109 quidem
1698 4044 1823 4096 constare
1842 4041 1965 4106 videtur;
1994 4061 2021 4099 v.

373 4126 503 4183 Mittheil.
520 4127 547 4181 d.
560 4126 708 4182 deutschen
727 4126 853 4180 Instituta
877 4124 906 4179 in
925 4125 1017 4181 Athen
1036 4124 1074 4178 VI
1095 4125 1151 4179 tab.
1175 4125 1206 4178 13
1223 4127 1251 4179 et
1268 4143 1338 4194 quae
1356 4124 1395 4178 ibi
1412 4124 1539 4180 disseruit
1556 4124 1673 4179 Koehler
1691 4145 1717 4196 p.
1735 4126 1785 4179 363
1800 4144 1857 4195 sqq.

471 4215 497 4278 3)
515 4214 569 4270 Der
587 4213 800 4269 Domauszieher
818 4213 874 4267 und
893 4213 942 4268 der
958 4213 1055 4268 Knabe
1073 4212 1126 4266 mit
1144 4213 1192 4268 der
1211 4212 1283 4268 Gens
1301 4230 1328 4282 p.
1341 4212 1383 4265 bl.
1418 4211 1544 4266 Ceterum
1562 4211 1596 4264 cf.
1614 4211 1714 4281 Helbig
1732 4211 1893 4267 Untersuch.
1911 4230 1938 4282 p.
1955 4211 2020 4269 202.

476 4301 503 4370 4)
525 4300 628 4370 Apellis
651 4316 752 4354 nomen
770 4299 895 4354 consulto
913 4298 1056 4369 praeterii,
1083 4299 1158 4354 cuius
1176 4299 1287 4369 quidem
1306 4298 1519 4367 Anadyomeuse
1535 4314 1602 4351 num
1623 4298 1708 4353 etiam
1726 4299 1811 4352 Amor
1829 4299 1885 4353 sive
1905 4302 2020 4354 Amores

373 4385 523 4455 complures
546 4384 647 4440 minuti
669 4384 767 4440 adiecti
792 4383 909 4448 fuerint,
935 4385 964 4439 ni
989 4385 1082 4450 fallor,
1107 4401 1215 4456 prorsus
1240 4385 1440 4455 inexploratum
1464 4387 1517 4448 est;
1542 4384 1732 4448 memorabile,
1757 4385 1830 4454 quod
1857 4385 1886 4439 in
1908 4384 2021 4455 pictura

373 4471 448 4526 urbis
467 4471 570 4527 Romae
587 4471 723 4527 inferioris
741 4471 848 4536 saeculi,
868 4489 950 4541 quam
969 4490 996 4541 p.
1015 4470 1134 4525 XXVIII
1152 4469 1311 4541 significavi,
1330 4487 1363 4525 ex
1380 4470 1436 4524 imo
1456 4468 1525 4524 mari
1545 4471 1670 4526 enatasti
1688 4471 1788 4526 Veneri
1806 4471 1931 4541 pusiones
1950 4470 2018 4539 (non

376 4561 497 4627 Amores)
518 4557 641 4612 ludentes
659 4560 825 4613 exsultantes
843 4574 958 4614 numero
976 4557 1131 4627 quindecim
1149 4555 1405 4612 circumfunduntur
1422 4557 1499 4625 quasi
1520 4557 1664 4612 Amoribus
1681 4557 1835 4620 substituti;
1854 4560 1964 4612 atvero
1982 4557 2019 4613 de

376 4644 475 4714 Apellis
493 4645 589 4700 tabula
605 4645 675 4698 nihil
693 4645 756 4698 inde
773 4644 952 4699 concludebat
970 4643 1113 4698 Benudorf
1133 4645 1149 4698 l.
1169 4644 1187 4699 l.
1205 4661 1230 4713 p.
1244 4643 1286 4696 64.
1323 4643 1456 4698 Videntur
1473 4643 1543 4697 mihi
1564 4644 1621 4699 fere
1639 4643 1668 4698 in
1687 4643 1738 4699 hac
1762 4642 1870 4714 pictura
1889 4642 2019 4699 lautitiae

373 4731 533 4786 balneorum
554 4731 739 4786 Romanorum
759 4731 788 4784 in
807 4730 1000 4800 simpliciorem
1018 4729 1120 4800 Apellis
1137 4728 1362 4799 compositionem
1380 4733 1481 4784 minere
1499 4747 1555 4785 esse
1573 4729 1761 4801 interpolatae.

473 4818 499 4884 5)
517 4817 552 4872 cf.
571 4818 686 4872 Journal
708 4818 739 4872 of
755 4817 878 4873 Hellenic
896 4815 996 4871 studies
1015 4817 1066 4871 vol.
1085 4815 1124 4870 IX
1141 4834 1167 4885 p.
1187 4815 1238 4868 218
1255 4832 1303 4883 sq..
1322 4814 1378 4870 tab.
1401 4816 1440 4870 10.

471 4904 497 4972 6)
516 4902 584 4957 ibid.
603 4904 655 4957 vol.
673 4904 713 4959 XI
736 4923 763 4975 p.
783 4904 840 4959 105.
877 4903 986 4958 Monuit
1002 4902 1032 4956 1..
1057 4903 1090 4957 de
1108 4900 1200 4972 Sybel.
