4792 6120
1160 381 1215 447 XL

1011 608 1097 698 Vll.
1154 608 1365 694 Conclusio.

469 793 589 860 Desinit
625 792 705 856 haec
735 791 914 856 dissertatio
942 793 1081 874 primum
1112 793 1241 876 quidem
1272 793 1304 857 in
1333 792 1566 858 conclusionem
1600 809 1684 872 quae
1712 794 1761 855 est
1790 791 1830 855 de
1861 791 2019 857 Camerio

368 902 495 966 Catulli:
526 899 691 965 Canterius
719 898 795 980 quia
817 899 923 964 nudus
953 901 1082 972 dicitur,
1117 901 1192 983 quia
1220 901 1352 982 exiguus
1373 898 1578 974 describitur,
1612 897 1689 979 quia
1718 901 1755 962 ut
1782 898 1931 979 garrulus
1963 898 2018 976 sit,

367 1009 555 1091 postulatur,
575 1008 617 1071 ad
638 1026 754 1088 pueros
773 1006 913 1071 minutos
934 1009 1158 1089 aggregandus
1181 1012 1228 1072 est
1247 1007 1369 1090 fuitque
1390 1007 1423 1071 in
1440 1005 1555 1070 Catulli
1581 1004 1811 1070 consuetudine
1827 1005 1917 1088 quod
1932 1006 2015 1070 Sar-

367 1119 494 1180 mentus
507 1115 539 1178 in
556 1113 700 1195 Augusti.
743 1112 896 1194 Congruit
911 1114 998 1196 quod
1013 1133 1071 1196 per
1087 1134 1198 1179 vocem
1216 1116 1280 1198 ipsc
1294 1150 1333 1158 -
1347 1115 1367 1178 i.
1388 1134 1414 1178 e.
1436 1113 1619 1177 ›dominus‹
1637 1147 1676 1156 —
1690 1132 1758 1177 sese
1773 1113 1899 1178 induxit
1915 1116 2019 1196 poeta

368 1242 397 1285 v.
418 1224 438 1288 9
462 1220 513 1302 (cf.
536 1240 566 1302 p.
588 1220 677 1301 vill).
728 1220 834 1301 Atque
856 1240 920 1284 non
948 1221 1016 1284 sine
1042 1220 1206 1303 voluptate
1229 1223 1265 1285 ut
1287 1240 1359 1285 cum
1389 1240 1517 1301 passere
1538 1222 1667 1299 Lesbia,
1699 1220 1745 1285 ita
1766 1239 1840 1284 cum
1861 1220 2019 1285 Camerio

368 1328 510 1394 Catullus
539 1327 648 1391 ludere
675 1327 838 1391 consuevit
867 1331 936 1391 tum
965 1327 1120 1404 maxime,
1151 1328 1205 1391 ubi
1235 1347 1366 1391 »carum
1392 1328 1579 1410 nescioquid
1610 1329 1699 1392 lubet
1718 1328 1846 1393 iocari«.
1889 1326 2019 1405 Quodsi

374 1435 530 1499 ›amicus‹
563 1433 728 1498 Carnarius
756 1432 922 1497 aCatullo
948 1439 1096 1505 vocatur,
1131 1433 1163 1499 id
1196 1454 1270 1498 cum
1300 1435 1364 1498 risu
1394 1435 1565 1499 laetissimo
1593 1440 1625 1500 et
1656 1455 1695 1500 eo
1728 1435 1858 1500 consilio
1889 1435 2018 1501 lactum

368 1547 431 1619 est,
471 1546 507 1605 ut
533 1541 721 1622 aenigmatis
749 1540 926 1604 obscuritas
954 1540 1182 1620 adaugeretur;
1221 1540 1342 1604 maiore
1368 1542 1464 1605 etiam
1495 1561 1568 1606 cum
1598 1543 1701 1607 ironia
1729 1543 1887 1626 pumilum
1916 1561 2017 1607 suurn

368 1648 520 1728 Magnum
550 1645 722 1728 appellavit
751 1645 948 1726 Propertius,
979 1645 1037 1706 τὸν
1064 1655 1165 1726 μέγαν
1195 1645 1360 1731 Εὐμήκιοι·
1387 1647 1524 1713 Lucilius
1553 1649 1604 1728 (ct.
1626 1669 1657 1731 p.
1677 1648 1721 1713 lX
1743 1649 1818 1714 adn.
1841 1649 1882 1731 3).
1926 1649 2017 1728 Quia

369 1758 477 1818 autem
498 1754 602 1817 intans
625 1752 789 1816 Camerius
810 1753 885 1829 luit,
913 1757 1083 1835 propterea
1114 1753 1236 1834 puellas
1257 1753 1383 1818 Catullo
1415 1755 1631 1837 praelerebat;
1660 1756 1763 1820 solent
1791 1756 1876 1820 enirn
1908 1755 2019 1838 magis

369 1861 559 1925 mulierculis
585 1860 761 1924 adhaerere
783 1860 935 1936 infantes,
965 1864 997 1923 ct
1026 1860 1160 1924 feminas
1181 1861 1353 1943 praecipue
1380 1861 1475 1926 luisse
1497 1881 1582 1944 quae
1612 1862 1763 1946 pusiones
1789 1861 1928 1941 alerent,
1950 1863 2018 1927 Dio

369 1969 500 2033 tradidit
512 1967 545 2049 ¹).

424 2164 426 2166 q
471 2075 635 2139 Sedenim
649 2094 748 2138 unum
767 2095 868 2157 usque
889 2076 995 2140 adhuc
1012 2075 1167 2139 intactum
1185 2074 1380 2157 reliquimus,
1405 2095 1509 2158 neque
1529 2076 1607 2140 dum
1626 2075 1683 2140 toti
1703 2074 1734 2138 in
1747 2074 1872 2139 Catullo
1890 2095 2019 2152 sumus,

369 2182 514 2246 Lesbiam
538 2182 767 2264 elegantiarum
790 2183 1014 2264 peritissimum
1036 2189 1206 2265 patronam
1236 2183 1312 2247 satis
1334 2183 1531 2258 curavimus;
1563 2183 1653 2264 atqui
1683 2201 1724 2246 ne
1747 2181 1860 2247 Lesbia
1881 2182 2020 2264 quidem

370 2289 403 2353 in
425 2308 552 2370 passere
573 2308 631 2351 suo
651 2307 685 2352 se
705 2288 905 2364 continebat;
936 2309 1040 2371 neque
1060 2295 1107 2354 est
1127 2310 1184 2354 cur
1204 2289 1297 2354 latius
1316 2289 1444 2371 evagari
1467 2289 1675 2366 voluerimus,
1707 2308 1781 2352 cum
1802 2288 1890 2370 quod
1914 2290 2022 2370 prosit

371 2397 514 2478 proxime
548 2395 590 2460 ad
621 2415 753 2458 manum
787 2396 899 2460 iaceat.
947 2396 1011 2460 Res
1044 2402 1090 2460 cst
1123 2397 1257 2461 ridicula
1289 2401 1321 2461 et
1349 2396 1443 2460 nimis
1472 2396 1594 2470 iocosa;
1626 2394 1740 2459 habuit
1771 2394 1869 2459 etiam
1897 2395 2020 2461 Lesbia

371 2505 527 2587 pupulum
544 2522 647 2567 suum.
690 2502 805 2566 Adhuc
828 2502 1036 2569 tractavimus
1057 2502 1172 2567 Catulli
1195 2524 1221 2567 c.
1244 2502 1309 2578 LV;
1337 2502 1549 2584 procedamus
1571 2502 1613 2565 ad
1634 2501 1817 2583 proximum
1838 2521 1864 2565 c.
1887 2502 1975 2568 LVI:

840 2618 862 2671 Ο
882 2634 938 2672 rem
958 2618 1113 2682 ridiculam,
1134 2618 1214 2681 Cato,
1240 2621 1269 2673 et
1287 2618 1404 2672 iocosam

840 2703 1012 2773 Dignumque
1031 2702 1141 2758 auribus
1160 2707 1188 2757 et
1204 2706 1253 2757 tuo
1272 2702 1414 2758 cachinno.

840 2789 909 2844 Ride
927 2789 1060 2859 quidquid
1077 2807 1166 2849 amas,
1190 2790 1272 2853 outo,
1298 2790 1449 2845 Catullum:

839 2877 891 2931 Res
909 2880 950 2931 est
967 2875 1081 2930 ridicula
1098 2880 1126 2930 et
1143 2874 1225 2929 nimis
1242 2875 1339 2930 iocosa.

805 2963 824 3015 5·
839 2962 976 3032 Deprendi
995 2963 1076 3017 modo
1093 2963 1262 3033 pupulum
1282 2962 1388 3032 puellae

839 3049 1015 3113 Truaantem;
1040 3048 1112 3104 hunc
1130 3066 1194 3119 ego,
1219 3048 1242 3102 si
1260 3050 1349 3119 placet
1369 3049 1479 3114 Dionae,

838 3137 890 3190 Pro
909 3138 964 3191 telo
980 3136 1069 3206 rigida
1086 3153 1148 3190 mea
1163 3135 1255 3191 cecidi.

475 3249 593 3313 Vocem
602 3252 757 3333 prtpulus,
779 3248 834 3313 ubi
849 3248 889 3312 de
905 3248 1048 3313 deliciolo
1064 3269 1114 3313 res
1130 3253 1186 3325 est,
1209 3249 1362 3313 adhibere
1377 3249 1514 3313 vidimus
1529 3249 1684 3313 Senecam
1700 3247 1789 3329 epist.
1804 3248 1881 3325 123
1900 3245 1948 3331 (p.
1957 3247 2014 3325 Xl;

373 3376 478 3439 neque
491 3355 743 3421 extraordinaria
759 3355 809 3418 vel
827 3355 939 3418 »nimis
953 3354 1075 3418 iocosa«
1094 3355 1174 3419 haec
1189 3375 1239 3419 res
1256 3357 1336 3420 loret
1354 3356 1379 3420 si
1399 3357 1438 3420 de
1455 3376 1554 3438 puero
1575 3356 1618 3419 ad
1632 3356 1851 3418 maturitatem
1865 3360 2022 3437 vergente

377 3467 539 3544 ageretur;
563 3463 661 3526 immo
683 3461 834 3545 puerulus
855 3465 980 3525 motum
1002 3466 1128 3543 turpem
1149 3462 1298 3527 trudendi
1321 3466 1362 3542 lv.
1385 3463 1426 3540 6),
1450 3482 1545 3545 quem
1568 3462 1648 3526 forte
1670 3461 1759 3543 apud
1780 3461 1858 3525 alios
1880 3461 2019 3539 viderat,

375 3569 492 3636 inscius
514 3570 656 3634 imitatus
674 3575 743 3633 erat
753 3569 795 3649 ⁷¹);
824 3568 899 3632 hinc
922 3568 987 3631 risu
1008 3569 1184 3650 percutitur
1205 3569 1356 3633 Catullus.
1399 3569 1492 3647 Quod
1514 3573 1622 3634 autem
1644 3568 1774 3632 omnino
1795 3568 1947 3633 lasciviae
1969 3569 2021 3633 in·

373 3676 491 3741 servire
519 3677 665 3740 videmus
691 3676 862 3751 infantem,
900 3676 1081 3739 conseratur
1113 3676 1269 3740 Martialis
1292 3675 1330 3738 lV
1352 3676 1391 3740 87
1421 3680 1452 3740 et
1482 3676 1632 3756 indignae
1661 3674 1701 3737 de
1731 3673 1859 3737 Tiberio
1888 3673 2023 3740 fabulae

373 3784 460 3866 apud
481 3783 668 3847 Suetonium
698 3786 730 3847 et
757 3782 898 3865 luppiter
926 3802 998 3846 cum
1022 3781 1209 3864 Ganymede
1240 3783 1327 3864 apud
1355 3782 1531 3846 Lucianum
1561 3780 1634 3846 dial.
1666 3781 1751 3844 deor.
1774 3781 1841 3858 4,5
1869 3784 1902 3845 et
1932 3800 2024 3864 quae

374 3889 506 3954 Matzius
527 3890 546 3953 l.
568 3890 586 3953 l.
608 3890 754 3971 exposuit
775 3891 835 3953 sub
858 3909 889 3954 n.
915 3890 992 3953 1117
1013 3888 1068 3952 ubi
1091 3889 1131 3952 de
1151 3889 1273 3954 infante
1294 3890 1359 3953 lere
1381 3889 1500 3953 bimulo
1523 3909 1573 3953 res
1595 3888 1687 3967 est³).

471 4085 497 4152 1)
517 4084 606 4155 Supra
623 4103 650 4154 p.
668 4082 785 4138 XXXVI
804 4087 832 4139 et
847 4082 963 4137 XXXII.
998 4083 1042 4137 lta
1060 4083 1142 4137 Bassa
1159 4081 1210 4137 alit
1227 4082 1362 4137 infantem
1384 4082 1504 4138 Martial.
1525 4083 1563 4136 lv
1581 4083 1614 4137 87
1634 4083 1671 4152 (p.
1693 4082 1736 4151 X).

470 4171 497 4240 2)
518 4169 548 4224 Id
566 4189 622 4240 qua
640 4170 747 4225 ratione
759 4169 817 4225 fieri
834 4169 963 4240 potuerit,
981 4168 1087 4224 indicat
1105 4168 1378 4239 ipseQuintilianusI
1392 4171 1453 4235 2,1,
1473 4169 1519 4224 ubi
1533 4170 1567 4224 de
1579 4169 1729 4224 infantium
1745 4169 1858 4240 perditis
1878 4170 2002 4225 moribus

374 4274 425 4312 mor
442 4256 591 4322 docuimus,
609 4274 643 4312 ea
659 4255 739 4311 nobie
757 4256 883 4310 audiant.
918 4257 1038 4311 Nostrae
1056 4256 1172 4320 ammas,
1191 4263 1299 4311 nostros
1317 4259 1477 4311 coucerbinoa
1493 4255 1596 4323 vident,
1623 4273 1699 4311 omne
1717 4257 1869 4311 conuiuium
1889 4259 2021 4316 obscenis.

375 4346 488 4399 canticis
501 4344 634 4413 strepuit,
649 4340 781 4412 pudenda
800 4341 876 4396 dictu
893 4349 1059 4411 spectantur.

474 4430 502 4499 3)
521 4430 578 4484 Nec
596 4428 666 4483 mihi
684 4427 861 4498 neglegatur,
888 4429 960 4497 quod
979 4428 1070 4483 Cicero
1095 4445 1144 4498 pro
1163 4428 1254 4484 Caelio
1280 4427 1314 4482 36
1339 4428 1374 4483 ad
1393 4427 1515 4483 Clodiam
1541 4426 1620 4493 dicit;
1644 4431 1686 4482 ast
1708 4444 1773 4483 rero
1795 4427 1889 4484 Clodia
1907 4427 2022 4486 Lesbia:

378 4534 412 4572 cm
429 4518 491 4572 ist-is
516 4517 570 4570 tuis
591 4532 695 4570 surram
719 4515 836 4583 aliquem
854 4531 888 4568 ac
903 4515 1077 4583 potissimum
1103 4516 1242 4569 minimum
1257 4515 1376 4582 fratrem
1454 4515 1501 4582 qui
1520 4521 1544 4566 te
1562 4521 1637 4567 amat
1652 4514 1816 4583 plurimum,
1840 4514 1889 4583 gui
1906 4522 2025 4584 propter

382 4606 552 4672 nescioquam
581 4601 754 4656 liquiditatem
778 4617 811 4654 ac
835 4607 983 4655 nocturnos
1000 4600 1132 4669 quosdam
1153 4601 1245 4655 imanis
1271 4608 1356 4655 metus
1380 4607 1465 4654 tecum
1490 4616 1595 4669 semper
1619 4601 1700 4668 pusio
1726 4617 1785 4654 eum
1805 4603 1908 4653 maiore
1926 4616 2023 4656 acrore

375 4689 514 4745 cubitavit.
550 4687 603 4740 Hic
619 4686 705 4757 igitur
722 4690 751 4742 et
766 4689 849 4756 pusio
868 4689 910 4741 est
928 4691 956 4742 ct
974 4687 1102 4742 minimus
1115 4688 1215 4754 frater,
1234 4690 1262 4741 et
1280 4686 1347 4756 quia
1366 4690 1425 4741 tam
1437 4686 1551 4756 puerilis
1562 4685 1661 4742 aetatis
1676 4689 1724 4751 est,
1742 4703 1802 4740 cum
1815 4685 1869 4740 risu
1882 4685 2023 4743 Socratico

375 4775 531 4847 praetendit
548 4772 639 4830 Cicero
663 4790 724 4828 eum
751 4790 813 4827 eum
832 4772 928 4828 Clodia
954 4790 1011 4828 non
1026 4773 1149 4829 cubitare
1166 4772 1220 4827 nisi
1249 4776 1375 4843 »propter
1394 4777 1541 4830 nocturnos
1558 4777 1678 4838 metus‹;
1705 4771 1796 4827 infans
1813 4771 1886 4826 enim
1906 4771 1930 4826 si
1948 4774 2024 4829 solus

375 4866 457 4917 noctu
474 4858 649 4931 relinquitur,
675 4860 772 4914 timere
788 4859 868 4914 solet.
