4792 6120
1163 476 1237 540 XXI

371 673 481 739 sorbet
515 670 614 752 (idem
643 671 784 736 faciebat
804 670 993 735 Sarmentus
1024 671 1075 735 ille
1095 672 1248 755 Augusti,
1282 673 1355 737 vide
1384 672 1467 736 inira
1497 693 1528 755 p.
1552 672 1657 736 XXVI¹
1676 671 1754 755 sql,
1788 672 1879 737 alteri
1909 678 2022 754 patera

371 778 553 863 ligurienda
574 778 764 861 porrigitur,
791 778 872 842 alius
894 778 1014 842 tollitur
1035 778 1176 844 brachiis
1197 784 1229 844 et
1251 799 1348 844 uvam
1369 780 1503 862 praebet
1524 780 1551 844 ei
1574 780 1775 857 muliercula,
1807 784 1955 862 quartuS,
1987 785 2024 844 ut

374 887 536 971 particeps
553 885 611 949 fiat
632 884 779 966 potionis
800 884 916 948 tacitus
935 887 1083 966 precator
1111 906 1245 951 manum
1265 887 1355 951 tollit.
1398 888 1438 951 Et
1459 887 1589 951 iuvenes
1611 887 1742 969 Satyros
1764 907 1832 951 esse
1852 887 2023 951 sollemnes

375 1015 416 1059 ea
443 992 600 1058 modestia
631 990 821 1072 significavit
848 991 978 1070 0111101,
1007 992 1059 1056 vix
1090 998 1126 1057 ut
1155 994 1282 1058 sentias,
1329 994 1478 1058 Ceterum
1506 993 1587 1058 haec
1616 1013 1745 1075 quoque
1773 993 1843 1075 ipsa
1870 994 1936 1058 vita
1965 998 2022 1058 est.

376 1101 429 1166 Sic
449 1099 543 1176 mihi,
574 1099 673 1163 sicin
696 1098 845 1162 domibus
870 1118 1040 1180 procerum
1063 1099 1175 1164 ludicri
1201 1120 1300 1164 causa
1322 1101 1501 1165 adhibitam
1524 1120 1592 1165 esse
1613 1099 1757 1165 confidas
1784 1100 2022 1165 multitudinem

375 1226 535 1291 paporum
563 1224 645 1288 quos
673 1209 808 1284 παίγνια
838 1205 998 1270 dicebant.
1052 1206 1130 1271 Item
1159 1208 1192 1271 in
1218 1207 1365 1272 convivio
1399 1212 1516 1290 potans
1545 1208 1719 1272 infantulus
1747 1208 1906 1288 detegitur
1935 1208 2024 1290 apud

376 1313 534 1379 Claracll
564 1313 694 1377 111885
721 1333 752 1377 n.
778 1313 845 1377 161.
898 1313 977 1377 illud
1008 1333 1084 1378 vero
1118 1334 1160 1378 an
1191 1314 1254 1378 alio
1285 1314 1365 1378 verti
1393 1318 1514 1397 potest,
1549 1314 1637 1397 quod
1669 1315 1700 1378 in
1731 1314 1806 1396 ipsis
1831 1315 1958 1380 Amoris
1991 1318 2024 1378 ct

373 1420 514 1503 Psyches
542 1419 708 1502 nuptiis,
740 1419 795 1483 ubi
817 1424 978 1501 pennatae
1007 1421 1050 1485 ad
1080 1441 1182 1486 unum
1205 1441 1317 1485 omnes
1347 1421 1470 1502 figurae
1499 1425 1689 1498 cernuntur,
1724 1422 1783 1485 sub
1814 1421 1929 1485 lectulo
1960 1422 2024 1486 tale

372 1532 527 1607 παίγνιον
547 1527 606 1592 alis
626 1527 815 1591 destitutum
836 1547 1033 1610 perparvum
1048 1529 1221 1593 demissum
1238 1527 1328 1592 sedet
1345 1548 1444 1592 uvam
1465 1528 1683 1593 admordens?
1704 1528 1778 1593 vide
1801 1528 2019 1610 anaglyphum

372 1634 549 1716 repetitum
578 1635 663 1715 apud
693 1633 866 1715 Guigniaut
894 1634 912 1698 l.
943 1634 962 1697 l.
993 1653 1023 1698 n.
1046 1635 1122 1710 4093
1152 1635 1352 1699 Baumeister
1379 1655 1410 1699 n.
1440 1636 1528 1699 1610.
1587 1635 1660 1712 Qua
1687 1636 1720 1698 in
1750 1655 1785 1698 re
1816 1636 2023 1700 recordemur

373 1741 418 1803 cul
457 1739 576 1802 παιδία
609 1741 649 1802 ul
685 1741 792 1820 γυμναὶ
831 1745 960 1823 praesto
996 1742 1092 1805 tuisse
1127 1742 1223 1805 etiam
1261 1743 1293 1806 in
1326 1742 1481 1824 nuptiis
1512 1742 1619 1806 Liuiae
1648 1746 1680 1806 et
1710 1742 1896 1820 Octaviani,
1934 1742 2022 1824 quod

376 1848 472 1912 docet
501 1846 627 1912 Cassius
654 1848 713 1912 Dio
743 1848 867 1912 XLVIII
895 1850 951 1925 44;
985 1852 1126 1913 ceterum
1156 1849 1196 1913 de
1228 1849 1372 1930 Septimii
1402 1849 1510 1912 Severi
1541 1848 1642 1930 epulis
1672 1849 1806 1930 privatis
1838 1849 1883 1912 sic
1912 1849 2024 1931 incipit

378 1973 509 2018 narrare
537 1953 728 2036 Spartianus
763 1974 789 2019 c.
818 1957 853 2033 l,
878 1957 913 2020 6:
953 1957 986 2019 lu
1022 1956 1073 2021 lu‘r
1107 1955 1207 2020 laertia
1237 1976 1307 2020 cum
1339 1956 1428 2019 lumi
1464 1957 1571 2019 locrus
1610 1958 1794 2036 epularetur
1837 1977 1907 2019 cum
1942 1957 2024 2035 filiis

380 2061 556 2141 (Caracallo
578 2065 611 2126 et
632 2060 724 2141 Geta)
747 2082 852 2146 percu
881 2084 975 2142 cereo,
1004 2084 1159 2144 pomaque
1189 2064 1337 2144 adposita
1363 2065 1466 2126 molor
1483 2063 1588 2145 filius,
1619 2064 1675 2144 qui
1703 2071 1777 2127 tuuc
1806 2065 2020 2149 quiuqueuuis

374 2175 449 2246 erut,
471 2168 689 2233 conlusoribus
709 2169 856 2250 puerulis
878 2191 976 2233 mauu
999 2166 1137 2254 largiore
1165 2171 1319 2235 diuideret
1341 2191 1406 2253 eqs.
1448 2169 1557 2234 Habes
1579 2189 1619 2234 en
1641 2169 1684 2233 ad
1712 2170 1823 2252 epulas
1844 2170 2021 2236 admissum

373 2294 502 2357 gregem
534 2277 757 2358 puerulorum,
793 2276 910 2359 quibus
940 2277 1027 2342 mala
1056 2278 1088 2341 in
1117 2297 1217 2360 parca
1240 2297 1321 2342 cena
1349 2277 1543 2341 dividuntur.
1597 2277 1680 2341 Sunt
1711 2281 1820 2341 autem
1852 2277 1886 2340 hi
1915 2278 2022 2341 minus

373 2381 506 2447 deliciae
526 2382 649 2446 domini
670 2402 768 2465 quarn
791 2383 845 2447 filii
866 2383 1057 2448 conlusores,

471 2504 556 2569 Hinc
573 2525 650 2570 vero
664 2509 700 2570 ut
715 2506 827 2571 orbem
842 2507 1031 2589 compleam,
1055 2507 1098 2571 ad
1110 2507 1268 2571 Amorum
1285 2527 1394 2572 rursus
1404 2507 1645 2572 similitudinem
1660 2507 1813 2571 transitus
1827 2507 2021 2573 conceditur.

375 2611 417 2675 Et
436 2611 576 2693 primurn
605 2632 744 2695 propero
773 2613 815 2677 ad
843 2616 1025 2678 statuam
1055 2616 1186 2679 tandem
1210 2613 1292 2678 Nili
1316 2615 1560 2679 Vaticanum
1589 2613 1765 2677 exhibitam
1789 2614 1821 2677 in
1851 2614 1962 2678 tabula
1982 2615 2022 2679 III

377 2718 473 2782 huius
484 2720 745 2799 commentarioli,
766 2720 876 2802 inqua
890 2723 1011 2803 pusi-
1022 2741 1157 2786 numero
1171 2721 1310 2786 sedecim
1326 2757 1365 2765 -
1380 2721 1586 2786 formicarum
1602 2721 1666 2784 ritu
1678 2720 1815 2784 molliter
1830 2740 1868 2785 ac
1885 2720 2020 2785 delicate

376 2824 501 2906 grande
528 2826 628 2891 Fluvii
658 2846 774 2908 corpus
805 2827 1065 2892 circumlusitant.
1117 2827 1215 2892 Cuius
1242 2831 1351 2892 tamen
1380 2828 1572 2892 inventionis
1600 2848 1641 2892 110
1669 2827 1860 2891 Vaticanum
1879 2831 2021 2891 statuam

374 2933 508 2997 unicum
526 2937 640 2998 testem
660 2938 818 3016 putemus,
840 2934 1019 2999 simillimae
1040 2936 1137 2999 etiarn
1159 2939 1269 2999 extant
1284 2935 1423 3012 Parisiis,
1446 2936 1533 3017 apud
1553 2935 1684 3016 Anglos,
1708 2935 1796 3012 alias,
1819 2944 2021 2999 asservatae:

375 3040 449 3104 vide
470 3040 568 3105 modo
586 3040 699 3106 Clarac
716 3040 757 3104 lV
778 3042 894 3106 111745
915 3042 1054 3120 111811,
1076 3042 1120 3106 tb.
1133 3043 1193 3106 748
1215 3062 1245 3106 11.
1261 3043 1336 3106 1811
1363 3047 1393 3106 et
1417 3043 1506 3120 1813,
1528 3043 1572 3106 tb.
1596 3041 1696 3106 7490
1718 3041 1886 3105 n.1811B.
1928 3042 1967 3105 Et
1988 3042 2023 3106 hi

375 3146 506 3239 quidem
533 3147 605 3230 pusi
626 3147 668 3211 ab
688 3147 855 3212 altitudine
877 3147 990 3234 πήχεις
1017 3148 1169 3231 appellati
1189 3152 1264 3213 sunt
1292 3150 1374 3213 sicut
1399 3169 1518 3231 parvus
1539 3148 1700 3212 homullus
1729 3147 1866 3230 δίπηχυς
1888 3148 2019 3213 Anthol.

374 3253 442 3317 Pal.
463 3253 507 3318 XI
537 3255 613 3332 108,
642 3256 751 3319 Abcar
778 3259 906 3338 prutenus
936 3256 1026 3320 audit
1050 3256 1068 3319 1.
1094 3256 1113 3319 1.
1140 3256 1227 3331 1.8;
1257 3260 1469 3320 numerantur
1496 3260 1605 3319 autem
1633 3255 1787 3332 sedecim,
1825 3255 1901 3337 quia
1931 3254 2022 3319 Nilus

376 3379 517 3441 evagans
536 3361 670 3426 totidem
693 3362 801 3426 cubita
830 3382 895 3426 11011
924 3363 1138 3444 exsuperabat
1149 3363 1181 3444 ¹).
1224 3362 1471 3426 Describendam
1494 3362 1676 3426 huiusmodi
1703 3362 1840 3442 effigiem
1862 3361 1938 3425 olim
1960 3361 2020 3425 sibi

379 3465 471 3547 elegit
491 3467 703 3533 Philostratus
722 3468 821 3549 lmag.
845 3469 882 3547 V,
906 3474 937 3534 et
958 3470 1070 3552 paucis
1092 3470 1205 3534 saltem
1230 3490 1341 3534 aurem
1363 3470 1391 3533 ei
1414 3471 1640 3551 praebeamus:
1672 3470 1748 3547 περὶ
1770 3468 1828 3529 τόν
1849 3468 1968 3532 Νεῖλον
1991 3467 2021 3530 ol

381 3594 403 3631 Π
411 3567 492 3656 11κέ11
511 3570 675 3653 α’ῧύρουσι
695 3574 744 3656 (cf.
774 3574 962 3655 α’θύροιισαι
983 3577 1070 3658 apud
1094 3577 1239 3641 Cassium
1259 3577 1391 3641 1110110111
1416 3576 1538 3640 XLVIII
1559 3577 1612 3651 ll)
1642 3575 1760 3637 παιδία
1783 3571 1954 3655 ξιΐμμετρα
1974 3579 2022 3655 τῷ

382 3677 530 3759 ὀνόματι,
550 3681 604 3742 καὶ
619 3679 636 3744 o‘
653 3681 766 3756 Νεῖλος
782 3683 893 3757 αὐτοῖς
909 3683 1138 3763 eiuegydrurou.
1175 3681 1368 3763 προςᾰγιται
1382 3672 1440 3745 οὖν
1513 3687 1618 3763 βρέφη
1632 3681 1749 3744 ἁπαλοὶ
1763 3683 1816 3743 καὶ
1833 3682 2020 3763 μειδιῶντα,

378 3792 525 3865 μετέχει-ν
547 3787 584 3850 dl
605 3779 699 3866 οἶμαί
713 3812 744 3852 τι
765 3791 852 3853 αὐτοὶ
874 3791 927 3852 καὶ
951 3793 1009 3855 τοῦ
1031 3791 1147 3854 λάλου·
1178 3791 1231 3852 καὶ
1256 3789 1287 3853 ol
1305 3795 1367 3870 μὲν
1386 3794 1453 3864 τοῖς
1468 3787 1565 3869 ὤμοις
1586 3788 1688 3851 αὐτοῦ
1720 3786 1926 3870 dcitur-cucur
1952 3789 2018 3852 κτλ.

379 3893 537 3971 Quoniam
555 3915 631 3960 1010
643 3897 715 3979 pusi
729 3898 854 3961 Nilotici
868 3899 965 3963 0110111
980 3919 1054 3964 eum
1070 3899 1236 3964 crocodilis
1250 3898 1292 3963 ibi
1304 3919 1372 3963 rem
1389 3898 1519 3975 habent,
1534 3917 1600 3961 11011
1615 3897 1739 3961 01110110
1756 3897 1830 3960 11010
1846 3896 2019 3977 imaginem

377 4000 599 4066 admirabilem
619 4003 719 4069 Musei
740 4004 914 4069 Britannici
945 4004 1157 4088 (Engravings
1176 4007 1205 4071 X
1227 4005 1272 4071 111.
1296 4006 1359 4085 Vl),
1387 4005 1536 4085 exiguam
1557 4008 1697 4068 statuam
1721 4004 1792 4068 dico
1814 4003 1904 4085 pueri
1925 4002 2020 4066 unius

376 4106 520 4186 investis,
551 4109 672 4191 origine
695 4115 751 4175 aut
773 4112 910 4194 Aegypti
931 4117 988 4177 aut
1009 4113 1203 4195 Aethiopici,
1232 4113 1287 4195 qui
1309 4112 1341 4175 In
1363 4111 1522 4174 crocodilo
1543 4110 1756 4174 audacissime
1777 4113 1919 4174 cernuat.

472 4233 593 4300 Deinde
621 4256 698 4301 vero
728 4237 833 4301 locum
864 4237 1001 4302 eundern
1032 4237 1072 4301 de
1104 4237 1165 4300 Nili
1191 4236 1329 4318 imagine
1360 4235 1519 4299 Lucienus
1555 4234 1587 4298 in
1621 4253 1716 4298 usum
1744 4253 1839 4298 suurn
1865 4233 1960 4296 vertit
1986 4233 2019 4297 in

374 4339 554 4406 Rhetorum
582 4344 737 4425 magistro
772 4363 798 4408 c.
827 4346 862 4421 6;
900 4344 1107 4409 Rhetoricam
1144 4342 1288 4407 divinam
1318 4361 1490 4425 personam
1522 4340 1615 4416 facie
1655 4360 1728 4405 eam
1761 4339 2018 4404 circumvolitant

375 4451 515 4510 Επαινοι
546 4468 628 4531 quos
657 4452 815 4515 Amorum
844 4451 1032 4533 pusillorum
1062 4451 1163 4515 instar
1194 4449 1306 4514 haberi
1337 4449 1421 4527 11111,
1451 4445 1568 4528 Ἔρωσι
1596 4451 1720 4528 μακροῖς
1748 4443 1903 4523 ἐοικότες,
1943 4446 2018 4510 hinc

475 4678 501 4747 l)
518 4677 552 4733 cf.
570 4678 641 4734 Plin.
659 4698 688 4733 n.
704 4680 731 4734 h.
753 4680 793 4746 18,
813 4682 873 4746 168,
899 4681 999 4750 Helbig
1016 4680 1120 4734 ruhrer
1138 4678 1151 4732 1
1169 4698 1196 4734 n.
1214 4680 1262 4746 47,
1287 4678 1334 4749 qui
1353 4678 1439 4732 etiam
1456 4678 1535 4732 haec:
1563 4678 1692 4746 »erganzt
1715 4674 1776 4729 sind
1794 4692 1831 4729 an
1849 4673 1911 4727 dem
1931 4672 2020 4727 Fluso-

374 4766 453 4833 gotte
530 4764 575 4820 dle
592 4765 692 4835 Finger
709 4767 759 4822 der
776 4786 798 4822 r.
816 4767 911 4831 Hand,
938 4767 982 4822 die
1000 4784 1054 4820 von
1071 4765 1158 4821 dieser
1178 4765 1257 4820 Hand
1275 4764 1442 4834 gehaltenen
1461 4763 1569 4818 Aehren
1646 4761 1702 4816 und
1721 4761 1765 4816 die
1782 4760 1884 4823 Zehen,
1903 4758 2020 4815 beinahe

374 4868 412 4906 an
429 4851 501 4907 allen
520 4851 743 4922 Knabenfiguren
769 4853 817 4907 der
840 4852 1024 4923 Oberlrorper,
1051 4870 1087 4908 an
1112 4851 1221 4921 einigen
1244 4851 1315 4906 noch
1338 4850 1442 4905 mehr«.
1484 4850 1588 4905 Tamen
1613 4849 1701 4904 alatos
1725 4865 1781 4902 non
1804 4845 1886 4901 husee
1911 4846 2021 4904 abunde

374 4940 489 4993 constat.
