4792 6120
1174 440 1216 505 xl

375 637 619 702 ποθεινότατον
639 637 780 714 (Anthol.
802 636 869 701 Pal.
892 636 1030 719 append.
1052 637 1079 701 ll
1102 637 1176 711 1703
1198 640 1230 700 et
1252 636 1323 701 vide
1345 633 1463 699 ibidem
1483 636 1562 711 4593
1582 636 1675 717 473),
1697 639 1729 701 et
1750 635 1793 699 illi
1818 634 1940 719 »pusilli
1960 636 2016 700 filii

374 745 497 810 subulci
519 745 653 810 hircosis
676 744 763 827 apud
784 742 960 807 Martialem
982 742 1012 806 X
1034 744 1083 819 98,
1105 744 1151 807 10.

479 852 571 916 Certe
600 870 676 915 vero
708 848 809 914 simile
836 848 914 930 quid
947 852 995 912 est
1023 848 1056 911 in
1086 847 1208 913 Bissula
1237 847 1290 911 illa
1315 846 1465 921 Ausonii;
1503 866 1601 929 quam
1630 852 1662 912 et
1692 847 1892 912 »alumnam«
1923 867 2016 913 suam

375 957 535 1022 Ausonius
556 959 651 1021 vocat
671 954 771 1037 (XXV
791 955 805 1018 1
827 955 876 1018 ed.
900 953 1061 1035 Schenkl.)
1091 959 1122 1018 et
1145 952 1404 1035 ›virgunculam‹
1428 951 1516 1033 (ibid.
1535 953 1563 1032 θ,
1581 952 1623 1034 λ).
1665 954 1704 1018 Et
1726 954 1864 1036 primum
1885 954 2017 1036 quidem

376 1063 532 1128 dominari
554 1062 678 1128 Bissula
705 1061 810 1125 intans
839 1060 954 1126 dicitur
985 1061 1036 1125 »in
1062 1061 1129 1126 eius
1156 1060 1275 1124 deliciis
1302 1060 1392 1124 cuius
1420 1060 1534 1124 bellica
1562 1060 1684 1142 praeda
1704 1061 1780 1125 fut<
1809 1061 1895 1143 (ibid.
1916 1062 1946 1140 t,
1963 1061 2014 1142 4);

375 1170 481 1234 Sueba
500 1172 608 1233 autem
629 1171 677 1232 est
698 1167 835 1249 origine,
866 1167 921 1231 sed
942 1167 1054 1231 Latine
1080 1167 1213 1250 loquens
1241 1166 1329 1248 (ibid.
1351 1166 1381 1243 t,
1401 1165 1461 1246 lt).
1510 1166 1581 1248 Ipse
1601 1185 1677 1232 vero
1699 1167 1860 1233 Ausonius
1881 1169 1923 1233 ad
1942 1187 2016 1233 eam

375 1275 469 1354 haec,
498 1274 574 1340 ibid.
598 1294 625 1339 c.
643 1276 680 1338 5:

761 1376 952 1442 Delicium,
975 1375 1139 1441 blanditiae,
1163 1375 1281 1440 ludus,
1305 1393 1395 1441 amor,
1421 1375 1554 1447 voluptas,

761 1464 896 1528 Barbara,
919 1464 966 1519 sod
984 1478 1054 1533 quae
1072 1460 1164 1517 Iudas
1184 1461 1270 1517 vincis
1288 1463 1400 1518 alumna
1415 1479 1536 1534 pupas.

373 1563 457 1643 Ergo
477 1561 603 1626 Bissula
623 1565 655 1625 et
676 1579 764 1642 pupa
792 1563 840 1623 est
863 1563 895 1623 et
915 1558 1063 1623 delicium
1085 1561 1116 1622 et
1138 1556 1240 1622 ludus.

476 1668 626 1731 Eiusdem
649 1666 772 1747 generis
792 1665 950 1746 pupulum
971 1663 1144 1728 Domitiani
1165 1663 1331 1728 alumnum
1360 1663 1392 1728 in
1410 1668 1514 1729 morte
1532 1663 1704 1730 Domitiani
1727 1670 1852 1747 partem
1871 1666 2014 1748 aliquam

375 1774 475 1855 egisse
499 1776 610 1838 narrat
637 1771 764 1837 Cwius
793 1771 853 1837 Dio
881 1769 990 1835 LXVII
1012 1771 1063 1847 15,
1093 1770 1149 1834 ubi
1181 1770 1221 1835 de
1251 1770 1442 1852 imperatore
1471 1770 1568 1835 haec:
1597 1771 1640 1834 ui
1671 1770 1820 1852 ὀνόματα
1840 1792 2014 1837 —eorum

375 1881 493 1946 scilicet
512 1899 592 1962 quos
619 1898 735 1944 necare
757 1879 886 1944 volebat
914 1912 952 1922 -
980 1877 1012 1950 ἐς
1042 1876 1191 1940 σανίδιον
1221 1876 1386 1959 φιλύρινον
1407 1877 1546 1958 δίθυρον
1568 1878 1732 1964 ε’ςγρόψας
1750 1877 1818 1942 δπό
1849 1879 1889 1941 τό
1919 1902 2013 1961 προς-

375 1985 552 2069 κεηείλαιον
571 1986 608 2048 ἐν
623 1989 664 2068 τῇ
682 1984 773 2067 κλίνη
793 1985 831 2046 ἐν
854 1972 877 2067 ᾗ
901 1982 1087 2047 ἀνεπαύετο
1109 1982 1268 2066 δπόθηκε·
1296 1983 1350 2045 καί
1381 1982 1465 2048 αδτό
1492 1984 1668 2047 παιδίον
1689 2007 1727 2048 τι
1746 1987 1826 2047 τῶν
1848 1989 2013 2067 γυμνῶν

373 2096 450 2153 τοῖν
473 2094 669 2179 piraque
688 2090 911 2164 καθεύδοντος
932 2090 1033 2155 αὐτοῦ
1052 2091 1132 2171 μεθ’
1153 2090 1277 2173 ἡμέραν
1300 2089 1504 2172 α’φελόμενον
1525 2081 1621 2170 εἶχεν,
1643 2091 1701 2153 οὐκ
1719 2091 1805 2165 είδδς
1824 2088 1843 2154 δ
1862 2115 1893 2156 τι
1912 2101 2011 2175 φέροι.

372 2202 596 2280 προςτυχοῦσα
618 2200 656 2261 δὲ
675 2199 766 2279 αὐτῷ
786 2199 806 2282 r)
826 2201 966 2278 Δομιτία
987 2196 1029 2260 τοί
1049 2220 1084 2258 τε
1106 2204 1310 2278 γεγραμμένα
1332 2197 1454 2277 α’νόγνω
1474 2198 1527 2259 καὶ
1550 2197 1692 2283 ἐμηνυσε
1712 2199 1778 2263 κτλ.

468 2306 604 2370 Prorsus
630 2305 716 2370 idem
744 2305 856 2369 iisdem
887 2304 1046 2369 coloribus
1076 2304 1109 2368 in
1140 2305 1206 2368 vita
1235 2303 1402 2369 Commodi
1439 2304 1536 2370 fusius
1565 2310 1731 2370 narratum
1758 2309 1807 2371 est
1835 2307 1878 2371 ab
1909 2304 2013 2369 Hero·

373 2412 470 2477 diano
492 2412 561 2476 117
584 2412 640 2476 ubi
669 2413 765 2477 etiam
786 2412 915 2476 nomine
933 2411 1186 2476 Philocommodi
1208 2411 1358 2493 puerulus
1379 2415 1527 2476 amatur:
1549 2410 1747 2493 ὑπερηγάπα
1770 2411 1842 2475 δὲό
1864 2410 2016 2492 Κόμοδος

373 2517 455 2579 urica*
479 2517 519 2590 ὠς
541 2517 778 2597 συγκαθεύδειν
800 2517 954 2591 πολλάκις
978 2517 1197 2597 Φιλοκόμοδός
1217 2532 1254 2578 τε
1274 2517 1438 2594 ἐκαλιῑιο,·
1467 2518 1561 2584 simul
1590 2523 1698 2584 aulem
1731 2519 1902 2584 amabatur
1930 2537 2011 2602 puer

374 2625 470 2688 etiam
493 2645 513 2688 a
534 2624 654 2688 Mareia
674 2624 877 2707 amplexante
894 2644 968 2690 eum
989 2628 1022 2689 et
1047 2624 1257 2707 osculante).
1300 2625 1422 2689 Eadem
1451 2625 1588 2707 denique
1609 2626 1649 2691 de
1672 2627 1840 2708 ›parvulo‹
1872 2626 1934 2692 hoc
1954 2645 2013 2709 per

374 2732 599 2813 compendium
619 2732 745 2814 repetiit
765 2732 968 2814 Lampridius
988 2732 1021 2796 in
1042 2731 1209 2796 Commodi
1230 2732 1316 2796 vitae
1336 2750 1363 2795 c.
1386 2734 1414 2809 9,
1434 2733 1462 2796 3.

477 2838 512 2901 ln
532 2837 706 2902 Caesarum
727 2838 848 2920 palatio
870 2838 960 2903 haud
981 2837 1130 2920 exiguum
1151 2856 1321 2902 numerum
1336 2838 1451 2903 horum
1474 2857 1657 2920 puerorum,
1676 2858 1778 2903 unum
1798 2843 1905 2903 autem
1929 2838 2012 2902 inter

373 2963 427 3008 eos
446 2945 538 3009 facile
561 2945 791 3026 praedilectum
819 2944 914 3010 tuisse
939 2944 1005 3009 iam
1033 2964 1072 3009 ex
1094 2944 1143 3009 his
1169 2963 1253 3026 quae
1281 2944 1445 3026 composui
1468 2945 1633 3026 colligitur.
1683 2946 1769 3010 Idem
1800 2945 1951 3010 docemur
1976 2945 2009 3010 in

373 3051 440 3116 vita
462 3051 606 3133 Augusti.
649 3051 697 3115 De
720 3053 865 3134 Augusto
886 3051 1056 3116 Suetonius
1076 3050 1158 3114 haec
1177 3049 1209 3132 (l.
1230 3049 1281 3132 l.):
1318 3051 1395 3115 talis
1417 3056 1473 3115 συί
1496 3053 1635 3117 ocellatis
1662 3053 1856 3134 nucibusque
1884 3051 2011 3117 ludebat

371 3179 442 3221 cum
465 3159 579 3242 pueris
604 3158 753 3237 minutis,
784 3177 861 3239 quos
888 3158 974 3241 sacia
1002 3156 1238 3242 eiparruiitatc
1258 3157 1404 3222 amabilis
1433 3158 1573 3240 undique
1594 3159 1808 3240 conquirebat,
1836 3161 2010 3239 praecipue

371 3263 506 3328 Mauros
535 3271 561 3326 ei
590 3263 697 3346 Syros.
744 3284 820 3328 uam
847 3263 985 3344 pumilos
1014 3271 1107 3345 οίριιο
1135 3264 1282 3328 distortos
1301 3271 1329 3328 ci
1359 3266 1461 3328 omnia
1488 3266 1611 3346 γιον-νίν
1638 3265 1775 3330 eiusdem
1804 3273 1839 3329 ui
1867 3266 2009 3330 ludibria

373 3379 511 3435 acturae
533 3372 670 3451 παίίριιο
691 3371 806 3434 omi-iiis
832 3370 1028 3435 abhorrebat.
1077 3369 1172 3435 Vides
1198 3370 1374 3453 principem
1395 3371 1477 3435 inter
1500 3390 1633 3455 »pueros
1653 3372 1810 3436 minutos‹
1834 3373 2007 3437 detentum.

373 3479 535 3558 Augustus
556 3482 664 3542 autem
688 3477 848 3560 »undique
869 3477 1079 3560 conquirebat
1093 3476 1221 3541 Mauros
1242 3480 1273 3541 et
1292 3477 1426 3559 Syros«,
1448 3477 1481 3541 id
1502 3482 1550 3542 est
1575 3479 1740 3543 coemebat
1759 3478 1926 3554 nimirum;
1949 3497 2009 3542 nec

373 3584 475 3646 solum
491 3583 618 3648 Mauros
631 3588 663 3647 ct
675 3583 780 3666 Syros,
801 3585 857 3648 sed
868 3583 1102 3649 Alexandrinos
1116 3602 1243 3666 quoque
1256 3583 1318 3648 emi
1332 3584 1440 3648 solitos
1459 3604 1527 3649 esse
1541 3584 1624 3648 infra
1641 3604 1700 3649 nos
1712 3585 1832 3649 Statius
1854 3584 2007 3649 edocebit

374 3687 474 3753 Porro
494 3689 611 3753 multos
639 3690 707 3754 sine
735 3690 832 3755 dubio
854 3710 919 3755 una
940 3691 1083 3755 habebat
1104 3691 1266 3773 princeps;
1304 3691 1481 3773 ›undique‹
1512 3691 1597 3755 enim
1628 3692 1852 3774 conquisivisse
1883 3692 2007 3756 dicitur.

373 3794 588 3861 Praedilectus
606 3800 714 3861 autem
730 3798 875 3879 Augusto
894 3797 1079 3880 pusiounus
1096 3797 1225 3862 nomine
1239 3796 1427 3862 Sarmentus
1442 3802 1639 3863 memoratur
1656 3798 1957 3881 apudPlutarchum
1975 3799 2007 3863 in

371 3903 438 3967 vita
454 3903 621 3967 Antoniis.
633 3905 689 3968 59:
712 3901 730 3966 δ
748 3903 785 3966 δὲ
798 3902 983 3984 Σάρμεντος
996 3894 1035 3988 ip·
1049 3906 1115 3965 τῶν
1125 3907 1288 3982 Καίσαρος
1302 3908 1460 3984 παιγνίων
1476 3902 1660 3985 παιδάριον,
1681 3902 1704 3967 δι’
1720 3903 1845 3986 δηλίκια
1859 3903 2008 3984 Ῥωμαῖοι

372 4007 536 4073 καλοῦσιν.
575 4009 615 4074 ut
635 4009 697 4075 hoc
718 4009 849 4093 quidem
868 4010 938 4075 loco
960 4009 1133 4075 infantulos
1155 4016 1288 4090 παίγνια
1309 4010 1466 4075 nominari
1488 4011 1708 4088 observemus;
1738 4013 1873 4076 eandem
1894 4030 2007 4075 vocem

372 4120 507 4194 παίγνια
529 4135 568 4180 ex
585 4115 758 4182 Plutarcho
780 4117 833 4181 Ad
854 4135 987 4182 uxorem
1007 4120 1040 4182 et
1060 4137 1099 4182 ex
1122 4117 1233 4182 incerti
1259 4116 1490 4199 epigrammate
1511 4117 1640 4182 Anthol.
1661 4117 1729 4182 Pal.
1751 4118 1804 4182 Vll
1819 4119 1881 4184 483
1909 4136 2007 4199 supra

471 4280 494 4350 l)
514 4281 599 4336 Locus
616 4282 712 4352 plenus
729 4283 768 4338 sic
784 4282 921 4354 procedit:
942 4270 976 4356 ἦν
994 4283 1025 4337 δέ
1042 4301 1069 4337 τι
1090 4282 1204 4336 παιδίον
1221 4279 1296 4335 πάνυ
1314 4279 1423 4353 νήπιον,
1443 4278 1547 4334 τούτων
1563 4277 1596 4353 δη
1617 4282 1670 4336 τοῖν
1688 4282 1801 4355 γυμνῶν
1817 4282 1872 4357 μὲν
1891 4278 2009 4353 ἐσθῆτος

367 4365 461 4439 χρυσῷ
478 4366 508 4420 δὲ
527 4369 574 4421 καί
592 4368 685 4428 λίθοις
701 4371 864 4442 πολυτίμοις
881 4368 1111 4442 κεκοσμημένων,
1130 4361 1172 4428 οἷς
1189 4363 1234 4420 δεί
1247 4369 1376 4441 χαίρουσι
1394 4363 1529 4440 'turpatur
1548 4369 1575 4421 oi
1592 4368 1757 4443 τρυφῶντες.
1793 4365 1961 4443 ὑπερηγάπα
1979 4366 2009 4419 δὲ

371 4446 385 4504 δ
406 4448 534 4527 Κόμοδος
551 4449 618 4508 aivi
631 4447 667 4515 οἷς
679 4452 885 4524 συγκαθεύδειν
896 4452 1043 4514 πολλάκις·
1067 4450 1259 4526 Φιλοκόμοδός
1276 4470 1308 4506 τε
1326 4450 1460 4520 ἐκαλεῖτο,
1479 4451 1660 4526 δεικνυούσης
1672 4454 1740 4524 [καί]
1759 4453 1808 4526 τῆς
1825 4454 2010 4530 προςηγορίοτς

371 4533 423 4609 την
444 4534 565 4612 σιοργίγν
588 4535 640 4612 τὴν
664 4537 694 4601 ἐς
718 4535 767 4594 τόν
782 4540 867 4594 παῖδα
885 4539 935 4594 τοῦ
951 4537 1088 4610 βασιλέως.
1125 4534 1155 4592 τό
1180 4534 1212 4610 dr)
1235 4538 1348 4592 παιδίον
1366 4537 1447 4592 τοῦτο
1465 4535 1551 4599 ἄλλος
1569 4534 1589 4592 α’
1596 4539 1728 4614 θόρον,
1752 4537 2008 4615 προελθόντοςτοῦ

373 4623 506 4697 Κομόδου
523 4623 569 4680 ἐπὶ
587 4622 620 4681 τὰ
639 4624 748 4699 συνήθη
770 4623 871 4699 λουτριί
895 4644 927 4680 τε
950 4626 998 4680 καί
1016 4623 1185 4699 κραιπόλας,
1211 4620 1359 4699 είςδραμδν
1377 4622 1406 4685 ἐς
1423 4622 1472 4678 τόν
1490 4622 1621 4697 θάλαμον
1638 4620 1727 4699 ὥςπερ
1746 4623 1852 4692 είιόθει,
1873 4621 1903 4680 ιδ
1920 4645 2009 4698 γραμ·

370 4717 489 4782 μαιεῖον
507 4711 546 4779 (iu
562 4730 616 4782 quo
633 4713 736 4769 scilicet
749 4730 816 4784 quos
829 4712 964 4769 occisurus
980 4715 1040 4767 erat
1053 4712 1224 4767 Domitianus
1242 4711 1447 4781 conscripserat)
1467 4708 1513 4765 ini
1531 4710 1580 4765 τοῦ
1597 4712 1746 4785 σκίμποδος
1763 4716 1896 4786 κείμενον
1915 4707 2009 4767 iusid-

368 4816 459 4868 μενον
476 4798 522 4852 ἶνα
540 4795 574 4871 δι’]
591 4804 701 4865 παίζειν
719 4799 790 4872 ἔχει,
816 4797 927 4873 πρόεισι
947 4797 995 4851 τοῦ
1013 4799 1100 4853 οἴκου.
1136 4794 1206 4852 κατὰ
1226 4797 1258 4851 δυ’
1274 4816 1337 4851 τινα
1365 4798 1484 4871 δαίμονα
1505 4795 1625 4869 συνόντα
1651 4797 1683 4873 τῇ
1702 4799 1824 4874 Μαρκίη.
1856 4793 1872 4870 ἡ
1891 4797 1921 4852 δέ
1938 4800 2008 4866 (καὶ

371 4878 458 4955 aiz)
477 4880 545 4958 γὰρ
564 4884 716 4960 ἔστεργε
735 4883 770 4940 τό
785 4884 945 4951 παιδίον)
968 4882 1159 4958 περιπτόξασα
1184 4886 1231 4938 καί
1255 4882 1373 4953 φιλοῦσα
1399 4879 1428 4937 ιδ
1454 4891 1648 4957 γραμματεῖον
1665 4880 1842 4955 ἀφαιρεῖται,
1866 4883 2007 4938 δεδοικυῖα

368 4964 428 5040 [δὴ]
446 4965 485 5043 μὴ
506 4990 533 5025 τι
551 4971 605 5025 τῶν
624 4968 786 5043 δναγκαίονν
802 4967 856 5027 riui
876 4966 1043 5043 νηπιότητος
1062 4966 1209 5043 [δγνοοδνΙ
1228 4976 1326 5036 παῖζον
1345 4971 1508 5044 διαφθείρη.

1815 5061 1851 5115 2*
